1892 3007
986 240 1065 276 114

395 369 573 401 numenta
623 377 698 401 non
737 368 823 400 ante
873 377 1013 401 annum
1057 364 1136 401 699
1176 366 1358 413 scriptum
1407 377 1486 401 esse
1526 367 1655 412 potest.

448 441 556 478 Hanc
576 452 663 487 erga
687 440 855 476 Lesbiam
876 440 1008 476 Catulli
1023 442 1158 477 amoris
1172 441 1242 477 sibi
1258 441 1546 487 Jungclausenus
1563 451 1649 486 pro-

396 516 517 563 posuit
540 515 758 562 imaginem,
787 514 888 562 cujus
916 514 1197 562 descriptionem
1225 515 1408 551 concludit
1431 513 1649 550 Bernhardii

396 591 533 627 verbis:
562 591 653 627 “Die
677 591 892 636 Gesinnung
902 619 911 636 ,
926 592 965 626 in
980 592 1044 626 der
1059 603 1169 627 unser
1185 592 1334 627 Dichter
1349 592 1413 628 des
1426 592 1648 627 unstatthaf-

402 666 486 701 “ten
512 666 780 702 Verhaltniszes
795 666 872 701 sich
887 666 1079 713 entschlug
1089 695 1098 712 ,
1115 667 1197 702 ehrt
1212 667 1276 702 ihn
1292 667 1331 702 in
1345 667 1453 702 allem
1468 665 1609 702 Masze”
1629 668 1652 701 ¹.

452 742 569 777 Aliter
588 753 669 777 rem
680 742 870 788 Helhigius
888 743 1068 786 tractavit,
1088 740 1150 788 qui
1161 769 1170 787 ,
1184 745 1226 777 ut
1241 742 1544 789 Jungclausenus,
1560 742 1658 789 Apu-

394 816 455 863 leji
471 817 687 853 auctoritate
709 820 898 865 permotus
921 816 1086 853 Clodiam
1101 816 1408 860 Quadrantariam
1424 817 1639 861 affirmavit,

395 892 551 928 eandem
566 893 677 928 fuisse
691 904 734 928 ac
749 892 881 929 Catulli
897 893 1077 928 Lesbiam.
1094 892 1256 929 Catullus
1272 905 1354 929 eam
1367 894 1528 940 primum
1542 893 1652 937 vidit,

395 969 464 1005 hoc
479 969 555 1004 fere
569 969 677 1005 modo
693 968 886 1005 historiam
900 972 1027 1005 narrat
1040 969 1176 1005 amoris
1190 972 1319 1016 poetae
1329 997 1338 1014 ,
1354 972 1519 1004 teneram
1534 968 1656 1004 adhuc

394 1045 592 1091 puellulam
617 1046 654 1080 in
679 1045 829 1088 aedibus
854 1044 966 1079 Manii
982 1044 1087 1089 AlIii,
1104 1056 1214 1091 quem
1229 1044 1359 1079 Lesbia
1374 1044 1523 1079 amabat
1539 1045 1563 1078 ².
1580 1022 1650 1078 Ve-

393 1120 556 1155 hementi
594 1131 679 1166 erga
703 1121 799 1156 hanc
836 1120 1029 1156 mulierem
1053 1119 1262 1166 pulchram,
1287 1120 1473 1164 festivam,
1497 1119 1655 1166 lepidam

393 1195 440 1241 (c.
458 1194 525 1241 86)
548 1206 674 1230 amore
689 1198 876 1241 correptus
892 1197 957 1229 est.
974 1193 1045 1236 Qui
1060 1205 1164 1229 amor
1177 1206 1261 1229 eum
1278 1195 1464 1238 incitavit,
1480 1197 1520 1229 ut
1534 1194 1655 1241 plura,

402 1281 496 1317 quae
510 1274 706 1317 supersunt
721 1271 884 1306 carmina
896 1298 905 1314 ,
921 1273 1175 1316 componeret;
1191 1270 1247 1306 cff.
1263 1282 1291 1306 c.
1308 1269 1333 1307 2
1343 1299 1352 1315 ,
1369 1282 1398 1306 c.
1411 1270 1445 1306 3.
1462 1282 1493 1307 c.
1505 1270 1529 1306 5
1540 1298 1550 1315 ‚
1561 1282 1590 1306 c.
1610 1268 1630 1304 7
1643 1298 1653 1315 ,

398 1356 493 1391 quae
520 1348 621 1391 patet
648 1356 691 1379 eo
721 1347 884 1392 tempore
908 1355 993 1394 esse
1021 1345 1204 1390 confecta,
1221 1357 1334 1391 quum
1358 1346 1519 1392 primum
1535 1344 1656 1380 Catul-

403 1421 459 1456 lus
494 1431 580 1466 erga
616 1420 786 1455 Lesbiam
820 1432 946 1456 amore
975 1421 1130 1456 arderet.
1160 1420 1243 1456 Non
1271 1425 1395 1456 tamen
1425 1420 1649 1467 conjunctim

396 1506 480 1530 cum
518 1505 560 1530 ea
600 1494 690 1529 vixit
716 1505 874 1542 suosque
906 1506 989 1530 cum
1018 1506 1060 1530 ea
1090 1495 1252 1531 exercuit
1280 1506 1423 1531 amores
1451 1495 1531 1531 sine
1558 1495 1652 1530 vitu-

394 1572 586 1618 peratione
615 1574 652 1606 et
683 1554 837 1606 z‘senum
860 1572 1069 1607 rumoribus
1092 1572 1350 1607 severiorum''.
1369 1571 1498 1607 Gravis
1521 1575 1644 1607 tamen

394 1646 522 1693 ardor,
553 1658 663 1695 quem
701 1649 808 1694 poeta
846 1647 969 1683 animo
1008 1650 1170 1695 ceperat,
1209 1647 1427 1695 contempsit
1456 1650 1493 1683 et
1524 1647 1651 1683 derisit

431 1774 438 1792 ¹
463 1770 602 1800 Grundr.
626 1771 684 1800 der
706 1771 798 1801 Rom.
821 1772 974 1801 Litterat.
1003 1773 1113 1808 (1850)
1143 1780 1173 1808 p.
1195 1773 1255 1802 468
1270 1794 1278 1810 ,
1301 1773 1340 1802 A.
1363 1774 1432 1802 439.

430 1834 442 1854 ²
464 1834 568 1871 Male,
587 1835 623 1863 ut
646 1835 735 1863 recte
756 1834 1019 1870 Jungclausenus
1040 1835 1103 1872 l.l.,
1126 1843 1156 1870 p.
1181 1836 1216 1863 11
1241 1835 1375 1872 monuit,
1398 1836 1566 1872 Helbigius
1586 1845 1653 1866 ver-

390 1903 446 1924 sus
475 1896 693 1933 Catullianos,
724 1896 779 1933 qui
807 1897 839 1925 in
863 1897 1003 1925 carmine
1026 1897 1082 1934 68,
1105 1904 1151 1925 vs.
1175 1898 1296 1926 67-69
1318 1898 1471 1933 leguntur
1492 1898 1540 1927 ita
1561 1898 1658 1928 inter-

388 1958 534 1994 pretatus
557 1959 615 1987 est.
640 1957 694 1987 Sic
717 1958 801 1987 enim
823 1958 936 1987 scribit
957 1959 1071 1995 poeta:

574 2042 629 2071 “Is
652 2042 796 2071 clausum
818 2042 883 2071 lato
907 2042 1063 2078 patefecit
1084 2042 1186 2071 limite
1207 2049 1372 2080 campum,

614 2105 732 2142 “Isque
755 2105 883 2134 domum
907 2105 1017 2143 nobis,
1040 2105 1133 2142 isque
1154 2105 1244 2134 dedit
1266 2105 1446 2143 dominam,

574 2166 644 2195 “Ad
666 2174 761 2202 quam
782 2176 950 2195 communes
972 2175 1182 2195 exerceremus
1202 2166 1352 2195 amores”.

430 2250 580 2280 Ridicule
601 2250 768 2280 adnotavit
785 2250 982 2286 Doeringius
1006 2250 1039 2279 in
1063 2250 1205 2279 editione
1224 2250 1343 2280 altera:
1366 2250 1474 2280 “Satis
1479 2251 1660 2289 familiari-

390 2311 470 2340 ter.”
492 2312 612 2341 Verum
631 2312 714 2340 vidit
732 2311 980 2348 Froehlichius,
1002 2313 1096 2348 eujus
1116 2312 1214 2341 verba
1224 2313 1292 2348 jam
1303 2313 1474 2348 adscripsit
1486 2314 1662 2351 Jungclau-

392 2382 503 2403 senus:
530 2374 576 2403 “is
598 2373 676 2403 mihi
699 2375 732 2403 et
755 2374 904 2404 dominae
933 2374 1089 2410 (puellae)
1117 2382 1208 2404 meae
1229 2375 1356 2405 domum
1378 2375 1483 2414 dedit,
1504 2376 1546 2406 ad
1569 2384 1664 2415 quam

394 2436 466 2471 “(in
494 2443 557 2472 qua
583 2436 691 2470 domo)
720 2443 908 2465 communes
930 2444 1055 2465 amores
1083 2438 1158 2472 (ego
1180 2438 1214 2465 et
1236 2437 1364 2465 domina
1384 2441 1469 2472 mea)
1496 2445 1661 2468 exercere-

394 2496 514 2528 “mus.''
537 2497 586 2527 Cf.
609 2497 692 2527 Ahb.
716 2498 745 2527 d.
770 2500 784 2527 1
810 2497 857 2527 Cl.
880 2498 912 2527 d.
935 2498 967 2526 k.
991 2498 1095 2527 Baier.
1119 2498 1183 2527 Ak.
1205 2498 1234 2527 d.
1259 2498 1360 2527 Wisz.
1385 2499 1431 2536 V,
1450 2499 1524 2537 III,
1543 2508 1573 2536 p.
1595 2501 1665 2531 264.

404 2561 530 2596 (1849).
