1892 3007
933 244 985 279 24

335 369 410 404 Sat.
441 370 467 403 I.
494 370 536 413 3,
558 382 609 405 vs.
635 371 659 405 3
678 373 701 405 ¹.
730 371 890 416 Eligiaco
914 375 1031 407 metro
1056 372 1205 407 Calvum
1230 385 1376 408 carmen
1400 374 1446 409 de
1470 378 1589 410 morte

337 443 537 487 Quintiliae
566 457 655 482 suae
684 447 930 494 composuisse
959 458 979 483 e
1004 446 1182 495 Propertii
1205 447 1227 483 l.
1252 447 1274 484 1.
1299 451 1468 496 apparet,
1492 449 1589 496 quod

340 532 452 565 quum
486 521 650 556 Catullus
676 522 842 566 legisset,
872 534 956 557 eum
993 534 1140 558 carmen
1165 523 1216 558 96
1239 534 1408 559 exarasse
1430 525 1590 570 suspica-

339 598 399 631 tur
428 595 665 632 Weicliertus
682 597 707 632 ².
734 595 834 632 Calvi
860 597 996 644 elegiae
1012 600 1025 620 ³
1049 609 1145 634 unus
1167 600 1311 635 tantum
1335 610 1460 635 versus
1483 610 1588 647 supe-

336 682 436 705 resse
480 672 625 705 videtur
666 683 687 706 a
730 672 918 716 Charisio,
960 673 986 707 I.
1031 673 1091 708 78.
1134 674 1190 708 ed.
1230 674 1366 709 Putsch
1403 678 1586 710 servatus:

549 774 720 804 “Forsitan
742 775 804 804 hoc
827 776 923 804 etiam
946 776 1085 811 gaudeat
1107 776 1177 812 ipsa
1198 775 1310 805 cinis.''

390 875 507 917 Quem
533 886 678 911 versum
706 875 869 911 Catullus
892 876 1094 923 respexisse
1116 876 1279 921 videtur,
1303 887 1415 923 quum
1440 887 1587 912 carmen

342 962 450 985 suum
480 954 725 997 componeret.
755 950 817 985 Ait
844 951 962 986 enim:

557 1052 674 1082 “Certe
696 1060 761 1082 non
784 1054 875 1082 tanto
898 1061 984 1083 mors
1006 1053 1175 1083 immatura
1196 1053 1300 1083 dolori
1322 1055 1371 1084 est

587 1115 782 1150 Quintiliae,
809 1117 962 1151 quantum
985 1116 1105 1151 gaudet
1126 1123 1234 1144 amore
1255 1115 1343 1144 tuo.''

390 1200 444 1235 Ex
484 1200 728 1247 Epithalamio
768 1199 868 1236 Calvi
913 1201 1070 1247 quodam
1111 1202 1356 1247 fragmentum
1386 1201 1586 1246 affertur⁴‚

333 1275 383 1309 ita
423 1278 463 1309 ut
491 1275 679 1309 videamus
717 1275 856 1310 nullum
882 1277 957 1310 sere
989 1287 1067 1311 esse
1091 1276 1296 1311 carminum
1324 1287 1458 1321 genus,
1491 1276 1588 1322 quod

336 1363 408 1386 non
441 1352 519 1398 pari
548 1351 751 1386 amicorum
780 1351 900 1386 studio
928 1351 1113 1387 excultum
1137 1352 1474 1399 sit‚praeterquam
1490 1351 1587 1398 quod

337 1425 468 1461 Calvus
501 1428 673 1461 narratur
705 1437 836 1472 poema
869 1427 1115 1473 composuisse
1166 1425 1250 1461 “Io''
1283 1426 1520 1473 inscriptum,
1549 1426 1586 1461 in

335 1514 406 1547 quo
436 1502 577 1547 epicum
604 1513 718 1547 genus
741 1504 917 1536 tractasse
940 1501 1094 1537 videtur.
1120 1502 1276 1543 Quicum
1300 1505 1445 1545 tamen,
1472 1502 1503 1537 si
1527 1514 1589 1537 ex-

332 1579 465 1621 staret,
504 1577 657 1611 fortasse
696 1575 827 1611 Catulli
865 1587 894 1611 c.
936 1575 988 1611 64
1027 1587 1246 1624 componere
1283 1576 1418 1612 liceret.
1464 1575 1589 1612 Cicero

333 1651 433 1686 Calvi
473 1652 763 1698 Hipponacteam
809 1651 1087 1687 mordacitatem
1125 1654 1390 1687 commemorat
1425 1652 1472 1687 ad
1509 1652 1588 1687 Div.

331 1727 418 1772 VH,
450 1727 511 1762 24.
537 1726 557 1762 ‘1
573 1755 582 1772 ‚
606 1726 669 1762 ubi
693 1726 738 1762 de
762 1726 913 1773 Tigellio
937 1726 1080 1762 scribit:
1108 1726 1173 1762 “Id
1197 1738 1264 1773 ego
1287 1727 1325 1762 in
1350 1726 1459 1762 lucris
1474 1738 1589 1774 pono,

337 1803 433 1838 “non
463 1804 556 1838 serre
594 1803 784 1838 hominem
821 1803 1109 1856 pestilentiorem
1148 1802 1268 1849 patria
1309 1814 1393 1838 sua:
1432 1814 1590 1849 eumque

336 1879 549 1914 “addictum
583 1878 661 1925 jam
701 1882 780 1914 tum
817 1881 905 1925 puto
944 1890 1024 1914 esse
1054 1878 1154 1913 Calvi
1184 1877 1314 1913 Licinii
1342 1877 1591 1925 Hipponacteo

338 1955 589 2001 “praeconia''
619 1954 839 2001 Neque‚uti
863 1953 942 2000 jam
972 1954 1151 1998 diximus,
1168 1953 1332 1989 Catullus
1359 1954 1397 1988 in
1421 1953 1593 1989 carmini-

330 2029 397 2065 bus
427 2029 473 2065 ab
511 2030 670 2065 inimicis
708 2030 843 2066 acriter
878 2029 1169 2077 perstringendis
1206 2028 1393 2065 abstinuit.

386 2104 458 2140 Sed
482 2116 705 2151 quamquam
730 2105 857 2141 eodem
883 2105 1014 2140 ardore
1037 2104 1159 2140 nobile
1172 2115 1238 2151 par
1251 2104 1451 2140 amicorum
1465 2105 1592 2151 poesin

332 2181 469 2216 amavit
483 2184 519 2216 et
533 2181 725 2224 tractavit,
740 2181 849 2216 aliam
866 2181 961 2216 vitae
976 2180 1157 2216 rationem
1173 2179 1305 2215 Calvus
1318 2179 1503 2225 ingressus
1518 2182 1591 2219 est,

336 2255 445 2290 aliam
472 2255 646 2296 Catullus.
677 2255 748 2290 Hic
775 2266 979 2301 numquam
1008 2254 1272 2301 rempublicam
1301 2254 1442 2300 attigit,
1465 2254 1503 2288 in
1518 2253 1592 2288 otio

377 2383 384 2400 ¹
410 2380 460 2409 Cf.
483 2380 654 2409 Weiehert
676 2380 750 2408 libri
771 2379 894 2408 laudati
917 2387 947 2415 p.
973 2380 1041 2408 136.

375 2437 386 2456 ¹:
409 2435 447 2465 P.
471 2436 540 2464 121.

374 2502 386 2519 ³
409 2498 580 2527 Weichert
602 2506 633 2534 p.
657 2499 724 2526 143.
748 2497 863 2533 Unger
884 2497 924 2526 de
950 2497 1055 2532 Valgo
1077 2496 1174 2525 Rufo.
1197 2503 1227 2531 p.
1250 2496 1298 2524 50.

373 2562 384 2580 ⁴
409 2559 586 2589 Weichert.
610 2567 640 2595 p.
666 2560 734 2588 143.
