1892 3007
801 223 875 258 ‘27

228 353 285 390 vel
319 352 498 400 quinque)
521 353 559 388 in
585 353 663 388 foro
687 355 850 388 versatus
873 354 930 388 est
953 351 1101 397 Calvus,
1125 352 1241 387 donec
1270 362 1481 399 supremum

231 428 322 465 obiit
349 428 447 464 diem
465 430 489 463 ¹.

279 502 336 539 'De
363 504 504 551 poetica
532 501 610 549 ejus
640 502 812 538 facultate
836 501 915 549 jam
944 503 1150 539 audivimus
1175 502 1365 547 Ovidium,
1392 503 1480 538 Pro-

227 579 384 627 pertium
396 605 406 623 ,
432 578 593 613 Plinium
630 580 667 613 et
702 589 786 613 cum
814 578 971 613 laudatis
998 579 1115 625 poetis
1145 578 1303 613 Gellium
1331 578 1481 614 honori-

227 654 295 690 fice
323 654 532 689 referentes.
561 652 735 688 Universe
762 653 880 700 poesis
904 652 982 699 ejus
1006 653 1102 700 apud
1124 653 1293 699 aequales
1308 663 1424 699 aeque
1438 664 1480 688 ac

227 728 358 764 Catulli
383 731 486 774 grata
509 730 546 763 et
564 730 711 774 accepta
733 728 812 763 fuit.
828 727 882 763 De
896 728 1055 763 oratoria
1069 731 1192 763 autem
1208 730 1286 763 arte
1296 726 1374 773 jam
1391 710 1478 762 olim

226 803 468 851 disputabant.
494 802 619 838 Cicero
641 803 679 837 in
695 802 800 838 Bruti
815 814 844 838 c.
862 801 909 838 81
930 805 966 838 et
982 801 1052 847 82,
1077 801 1096 851 ς
1122 802 1200 838 280
1224 805 1261 838 et
1286 801 1363 838 283
1389 803 1479 838 haec

224 878 270 913 de
294 890 336 913 eo
361 878 505 914 scribit:
525 878 671 925 “Atque
686 877 817 913 Calvus
832 889 853 913 a
868 878 1053 924 magistris
1067 889 1196 925 parum
1212 878 1400 913 institutus
1415 889 1479 913 na-

228 951 369 989 “turam
381 953 509 989 habuit
523 952 775 988 admirabilem
790 952 836 988 ad
851 952 1056 989 dicendum.
1069 952 1290 988 Industriam
1306 964 1380 989 non
1395 964 1475 989 sum

226 1028 436 1075 “expertusz
465 1029 637 1075 studiuml
656 1031 754 1063 certe
780 1028 859 1063 fuit.
886 1027 955 1069 Qui
980 1029 1010 1063 si
1039 1040 1099 1063 me
1128 1028 1255 1063 audire
1284 1029 1475 1073 voluisset,

226 1103 289 1140 “ut
316 1106 502 1151 coeperat,
530 1103 705 1148 honores,
730 1113 841 1150 quam
870 1114 974 1150 opes,
1004 1103 1177 1150 consequi
1206 1103 1474 1139 maluisset....

227 1178 320 1220 “Qui
349 1182 472 1213 orator
499 1179 645 1222 fuisset,
675 1190 788 1225 quum
816 1178 947 1213 litteris
975 1178 1171 1222 eruditior,
1205 1190 1317 1225 quam
1347 1178 1475 1223 Curio,

227 1253 329 1290 “tum
382 1254 493 1290 etiam
544 1253 748 1290 accuratius
789 1252 972 1301 quoddam
1015 1252 1158 1289 dicendi
1186 1256 1222 1289 et
1260 1253 1476 1301 exquisitius

225 1329 421 1365 “afferebat
468 1340 601 1375 genus:
655 1329 771 1375 quod,
821 1340 1045 1375 quamquam
1063 1330 1238 1365 -scienter
1275 1331 1475 1376 eleganter-

223 1404 318 1452 “que
353 1405 551 1451 tractabat,
591 1405 746 1441 nimium
775 1407 897 1441 tamen
926 1405 1115 1452 inquirens
1145 1405 1183 1441 in
1211 1417 1250 1442 se
1277 1408 1388 1453 atque
1423 1406 1475 1441 ita

224 1480 325 1515 “sese
363 1480 580 1525 observans,
613 1483 854 1526 metuensque
894 1491 942 1514 ne
984 1481 1154 1515 vitiosum
1183 1481 1368 1526 colligeret
1382 1508 1391 1525 ‚
1422 1484 1472 1516 et—

224 1553 320 1591 “iam
371 1567 499 1591 verum
550 1555 767 1602 sanguinem
815 1554 1044 1602 deperdebat.
1088 1555 1216 1603 Itaque
1247 1554 1324 1602 ejus
1357 1556 1473 1591 oratio

225 1629 362 1665 “nimia
399 1630 575 1677 religione
611 1632 819 1676 attenuata,
861 1630 979 1665 doctis
1008 1633 1045 1665 et
1072 1633 1220 1666 attente·
1240 1631 1471 1666 audientibus

224 1704 326 1741 “erat
352 1705 518 1742 illustris:
543 1716 565 1741 a
592 1705 826 1741 multitudine
854 1707 978 1741 autem
1007 1708 1044 1741 et
1072 1716 1093 1741 a
1107 1706 1205 1751 foro,
1221 1706 1279 1742 cui
1294 1709 1380 1742 nata
1396 1706 1469 1742 elo-

225 1781 398 1828 “quentia
421 1784 496 1825 est,
524 1781 798 1816 devorabatur.’'
812 1801 867 1806 —
883 1780 988 1822 Quod
1019 1784 1142 1816 tamen
1166 1782 1286 1829 paullo
1301 1783 1471 1817 inhuma-

219 1857 303 1893 nius
340 1857 385 1892 de
423 1856 566 1893 aemulo
595 1855 780 1893 Ciceronis
812 1855 993 1903 judicium
1034 1856 1138 1892 valde
1166 1859 1377 1893 attenuatur
1404 1856 1468 1902 iis,

219 1943 313 1979 quae
341 1943 370 1967 c.
388 1931 434 1967 81
464 1930 483 1980 ἓ
509 1916 591 1967 279*
609 1932 797 1979 praemisit
821 1935 858 1967 et
882 1943 977 1979 quae
1003 1933 1225 1967 conveniunt
1247 1943 1329 1967 cum
1355 1932 1468 1973 Quin-

218 2008 337 2043 tiliani
361 2008 439 2043 loco
455 2009 468 2030 ²
494 2019 604 2054 supra
626 2007 791 2051 laudat0;
818 2007 906 2043 dicit
925 2008 1023 2043 enim
1047 2008 1092 2043 de
1116 2007 1226 2043 Calvo
1240 2010 1277 2043 et
1291 2007 1466 2044 Curione:

259 2172 267 2190 ¹
293 2168 488 2198 Acenrat-ius
516 2168 548 2197 in
578 2175 695 2197 annum
723 2169 863 2198 natalem
892 2170 926 2198 et
946 2169 979 2198 in
1001 2177 1136 2207 annum,
1159 2177 1222 2207 quo
1244 2169 1325 2199 obiit
1347 2170 1466 2200 Calvus

217 2230 397 2268 inquirere,
419 2238 483 2259 non
504 2217 601 2267 liujus
622 2230 685 2260 loci
707 2231 758 2260 est
780 2238 886 2267 neque
907 2231 1032 2268 omnia,
1055 2238 1138 2267 quae
1160 2233 1334 2267 supersunt
1355 2233 1466 2261 carmi-

214 2303 290 2324 num
320 2295 354 2324 et
384 2294 563 2323 orationum
585 2294 765 2331 fragmenta
787 2301 983 2324 enumerare.
1007 2294 1046 2323 Id
1069 2294 1152 2323 enim
1175 2295 1297 2324 tantum
1323 2294 1463 2334 agimus,

213 2357 250 2386 ut
271 2363 366 2393 quam
387 2357 476 2385 arcte
498 2364 569 2385 cum
592 2356 721 2386 Catullo
745 2357 937 2392 conjunctus
959 2357 1058 2386 fuerit
1076 2357 1110 2386 et
1130 2357 1217 2394 quali
1239 2357 1369 2393 ingenio
1391 2364 1461 2386 cum

215 2418 335 2448 Catulli
357 2418 491 2454 pulchre
514 2418 737 2456 conspirante,
760 2418 969 2455 explicemus.
992 2419 1095 2448 Natus
1118 2420 1168 2448 est
1190 2420 1249 2449 672
1270 2427 1300 2449 u.
1324 2427 1368 2457 c.,
1382 2419 1462 2448 vixit

212 2488 316 2517 usque
337 2481 377 2510 ad
398 2488 517 2510 annum
542 2481 672 2510 circiter
693 2482 761 2510 704.

254 2544 266 2563 ²
289 2543 369 2572 Inst.
394 2542 448 2573 Or.
469 2543 517 2580 X,
540 2544 556 2572 1
581 2544 599 2579 §
623 2543 692 2572 115.
