1892 3007
826 205 875 240 89

235 341 295 366 sus
331 331 502 366 alienum.
548 330 672 376 Neque
724 330 926 366 Romanam
962 330 1103 366 videtur
1140 330 1278 376 spirare
1321 329 1503 364 indolem·

237 405 366 439 Catulli
390 416 529 451 poema.
561 405 614 439 Ex
641 404 727 439 Asia
752 406 850 439 enim
876 404 1025 450 Cybeles
1051 405 1167 439 cultus
1192 405 1346 438 Romam
1369 404 1482 438 intro-

236 480 342 515 ducta
369 483 443 524 est,
474 479 569 526 quod
602 480 670 515 nisi
700 480 846 515 aliunde
875 483 1075 523 constaret,
1104 480 1191 515 satis
1220 478 1336 514 Servii
1352 479 1479 525 proba-

237 557 336 589 retur
349 554 556 589 testimonio
580 554 625 589 ad
653 554 771 600 Georg
796 554 848 598 ΙΙ,
877 555 954 589 394
974 555 1182 596 referentis,
1201 555 1237 588 in
1253 555 1363 589 sacris
1380 554 1479 599 Mag-

236 641 304 665 nae
332 629 455 665 Matris
478 629 597 664 Gallos
626 641 709 664 usos
734 641 812 664 esse
838 629 975 665 Graeca
1000 630 1133 675 lingua.
1165 629 1326 664 Antistes
1362 628 1481 664 Gallo-

237 715 318 738 rum
347 704 592 749 Archigallus‚
622 715 750 749 graeca
779 704 1017 750 appellatione
1047 704 1241 738 dicebatur.
1276 704 1377 738 Unde
1401 705 1477 737 effi-

237 780 330 814 citur
379 791 451 814 non
497 791 579 814 vere
624 780 828 814 Romanum
870 781 967 814 hunc
1009 780 1118 814 fuisse
1159 779 1293 814 cultum
1311 807 1319 822 ‚
1362 791 1480 824 neque

238 854 372 887 temera
410 853 552 888 videtur
585 853 790 899 conjectura
821 865 840 888 e
868 853 1005 889 Graeco
1035 865 1181 888 carmen
1214 853 1331 888 LXIII
1361 852 1482 887 Catul-

238 928 311 962 lum
353 929 520 971 verfisse,
563 932 625 963 aut
665 929 794 964 saltem
836 929 1015 964 Graecum
1053 933 1217 964 secutum
1246 940 1324 963 esse
1361 940 1482 963 exem—

237 1003 344 1049 plum.
374 1006 381 1025 ¹
420 1003 522 1045 Quod
547 1005 783 1039 confirmatur
812 1005 990 1039 vocabulis
1020 1005 1155 1039 Graeco
1186 1004 1342 1050 quodam
1374 1014 1473 1037 more

237 1078 398 1113 formatis
435 1082 498 1113 aut
525 1079 750 1125 compositis⁷
789 1079 918 1125 quibus
957 1079 1117 1114 Catullus
1146 1079 1183 1113 in
1214 1080 1281 1113 hoc
1310 1081 1476 1125 poemate

239 1155 338 1187 amat
364 1153 437 1196 uti,
452 1155 492 1187 ut
512 1151 823 1198 “nemorivaqus''‚
844 1151 1129 1196 “silvicultrix’'‚
1150 1151 1475 1199 “properipedem”.

246 1225 432 1274 “sonipes''
476 1231 512 1261 et
552 1228 650 1269 aliis;
692 1228 821 1262 deinde
862 1239 947 1262 usus
991 1229 1117 1270 metri,
1158 1228 1253 1273 apud
1298 1227 1480 1261 Romanos

244 1305 366 1348 poetas
400 1314 471 1337 non
509 1313 653 1348 prorsus
690 1302 841 1346 insoliti,
883 1302 946 1337 sed
987 1301 1181 1336 admodum
1226 1302 1318 1340 rari:
1364 1302 1481 1348 ipsum

245 1388 412 1422 graecum
451 1377 662 1411 vocabulum
705 1377 902 1423 “ephebus''
940 1389 989 1410 vs.
1025 1376 1095 1418 633
1135 1377 1270 1410 mentio
1301 1377 1392 1410 facta
1431 1377 1473 1410 de

236 1451 430 1498 palaestra,
458 1450 594 1494 stadio,
623 1450 838 1497 gymnasiis,
864 1453 959 1485 totus
988 1450 1144 1496 denique
1159 1450 1330 1484 carminis
1346 1453 1450 1484 tenor
1474 1478 1482 1493 ,

238 1527 369 1560 mirum
402 1526 438 1559 in
468 1526 615 1560 modum
644 1526 681 1559 in
709 1526 918 1560 sublimiora
952 1526 1087 1567 elatus,
1117 1526 1276 1560 indicare
1306 1525 1475 1559 videntur

242 1611 387 1635 carmen
430 1599 627 1643 Graecum,
665 1600 760 1646 quod
799 1600 923 1635 doctus
963 1603 1084 1634 noster
1122 1602 1227 1645 poeta
1264 1599 1371 1633 vertit
1416 1602 1479 1633 aut

239 1675 400 1709 imitatus
424 1678 487 1709 est.
517 1674 619 1715 Quod
650 1687 720 1709 non
749 1686 934 1720 superesse
963 1686 1004 1709 eo
1034 1675 1149 1719 magis
1176 1674 1371 1709 dolendum
1397 1677 1471 1715 est,

246 1749 329 1795 quia
353 1752 427 1783 tam
441 1760 554 1796 pauca
569 1750 676 1784 metri
693 1749 917 1783 Galliambici
933 1749 1129 1795 specimina
1146 1751 1287 1782 servata
1305 1752 1409 1791 sunt,
1425 1752 1456 1782 el
1472 1775 1479 1790 ‚

245 1824 340 1867 quod
364 1824 399 1857 in
424 1824 521 1857 haud
545 1824 668 1857 multis
683 1824 904 1857 carminibus
920 1824 1154 1868 antiquorum
1169 1826 1357 1867 poetarum
1373 1834 1479 1866 argu-

240 1900 402 1933 mentum
413 1900 598 1941 tractatur,
610 1900 796 1944 tantopere
812 1909 832 1932 a
847 1897 961 1932 nostri
973 1897 1144 1943 temporis
1155 1897 1300 1943 ingenio
1313 1896 1481 1932 alienum.

294 1973 387 2013 Quid
429 1973 473 2011 de
513 1973 589 2017 ejus
632 1974 737 2007 metri
765 1973 885 2007 indole
914 1984 1100 2014 censeam,
1130 1973 1252 2017 paucis
1281 1973 1479 2007 declarabo.

243 2046 323 2081 Non
375 2046 478 2081 multi
525 2047 637 2081 animi
674 2050 759 2081 sunt
807 2047 975 2090 affectus,
1017 2047 1098 2093 qui,
1150 2057 1262 2092 quum
1318 2057 1338 2080 a
1379 2049 1483 2092 poeta

242 2122 403 2156 versibus
445 2122 715 2167 exprimuntur,
753 2125 828 2156 tam
867 2122 975 2156 citato
1012 2133 1116 2156 versu
1158 2122 1340 2166 indigent,
1370 2122 1485 2166 qualis

245 2195 466 2231 Galliambus
503 2198 566 2231 est.
606 2195 724 2230 Citato
763 2196 862 2230 enim
888 2199 1004 2230 metro
1047 2196 1180 2241 optime
1222 2195 1356 2230 dixeris
1398 2207 1483 2229 con-

243 2271 414 2315 scriptum
453 2282 530 2304 esse
568 2270 698 2305 Catulli
751 2282 906 2304 carmen.
947 2270 1078 2304 Omnia
1121 2273 1263 2312 autem,
1308 2282 1400 2315 quae
1442 2271 1486 2304 ab

278 2472 283 2489 ¹
311 2469 369 2497 Cui
403 2469 448 2496 rei
481 2469 709 2504 quodammodo
742 2469 869 2504 obloqui
898 2469 1022 2496 videtui·
1056 2469 1268 2497 Mommsenus
1292 2469 1329 2496 R.
1354 2468 1390 2506 G.
1416 2469 1490 2504 111„

243 2539 271 2564 p.
296 2531 363 2558 584.
