1892 3007
960 217 1009 251 88

372 342 566 388 Doeringio
589 343 768 388 professus
792 345 860 375 est:
891 341 997 376 “Fuit
1022 342 1112 388 Atys
1141 354 1182 377 ex
1206 343 1446 389 descriptione
1461 344 1617 387 Catulli,

376 415 539 461 “juvenis
577 416 875 461 formosissimus,
915 427 1023 462 quem
1052 417 1082 451 si
1111 428 1194 451 cum
1224 416 1389 463 Apolline
1428 429 1612 465 compara-

378 491 513 533 “veris‚
541 491 694 525 eundem
732 490 798 525 sub
836 491 895 525 illo
931 491 1041 526 latere
1083 492 1184 526 facile
1212 492 1276 526 tibi
1305 494 1530 538 persuadeas.
1564 513 1614 518 —

378 564 568 599 “Collectis
591 565 775 608 omnibus,
796 576 888 611 quae
917 565 960 600 de
992 565 1127 600 Attinis
1153 567 1277 613 mytho
1294 566 1616 610 circumferuntur,

380 640 611 686 “p1·aecipue‚
648 640 678 673 si
703 639 779 685 ejus
818 643 973 675 mortem
1010 652 1053 675 ex
1092 641 1275 676 communi
1305 642 1379 676 fere
1409 642 1615 676 narratione

380 714 440 748 “in
468 714 567 749 silvis
594 713 823 749 subsecutam
851 715 1082 761 respicimus,
1114 715 1287 750 Adonidis
1324 716 1432 750 morti
1472 715 1507 750 in
1560 716 1626 751 hac

381 790 442 822 “re
479 789 721 831 simillimam,
759 800 853 822 unus
891 801 1016 823 eorum
1052 801 1177 832 regum
1221 790 1279 823 ille
1317 791 1426 824 fuisse
1456 790 1620 832 videtur,

380 862 464 909 “qui
488 865 601 898 totam
628 863 738 898 vitam
762 863 799 898 in
819 863 919 898 silvis
947 864 1108 899 venando
1124 864 1399 910 consumpserit.
1417 863 1470 899 Ex
1491 864 1617 899 eadem

382 940 530 972 “caussa
576 949 692 983 neque
731 937 916 984 conjugio,
955 950 1073 985 neque
1111 939 1209 984 prole
1246 939 1388 984 gavisus
1421 942 1494 981 est,
1525 939 1619 973 unde

382 1013 458 1048 “vel
487 1020 521 1051 οὺ
539 1013 797 1056 τεκνοποιὸς,νθῑ
821 1016 941 1060 parte,
973 1025 1043 1060 qua
1073 1013 1138 1048 viri
1167 1024 1311 1057 sumuS,
1338 1013 1498 1059 privatus
1514 1013 1621 1048 fictus

382 1088 469 1123 “est.
504 1089 590 1123 Post
619 1091 773 1122 mortem
801 1092 923 1122 autem
953 1088 1086 1122 nullius
1115 1088 1211 1122 Deae
1241 1089 1352 1122 sacris
1376 1088 1493 1134 aptius
1522 1088 1624 1123 nobi-

382 1163 500 1197 “litari
524 1163 641 1209 potuit
666 1162 778 1206 Attis,
806 1174 917 1209 quam
944 1161 1113 1208 Cybeles,
1149 1173 1242 1208 quae
1271 1173 1382 1208 quum
1412 1162 1549 1196 Dianae
1577 1161 1624 1196 si-

383 1237 481 1272 “mul
513 1248 704 1283 personam
734 1240 821 1271 tunc
850 1237 1022 1283 temporis
1047 1237 1165 1271 adhuc
1189 1236 1363 1280 induerit,
1383 1236 1461 1281 jam
1492 1237 1528 1270 in
1553 1236 1627 1270 vita

383 1304 456 1338 “illi
495 1305 562 1341 fuit
598 1304 843 1339 amatissima”
872 1306 893 1338 ¹.
933 1304 1129 1348 Fabulam,
1154 1315 1263 1350 quam
1301 1304 1461 1339 Catullus
1486 1306 1652 1338 secutus>

379 1382 451 1421 est,
490 1378 540 1412 ita
570 1389 648 1412 sese
676 1378 786 1412 habet
821 1379 919 1423 (utor
946 1378 983 1412 in
1012 1381 1226 1423 argumento
1255 1378 1457 1412 enarrando
1497 1377 1624 1411 Mureti

380 1452 533 1499 verbis):
578 1452 693 1487 “Cum
732 1453 827 1487 Attis
866 1453 903 1487 in
940 1464 1067 1488 nemus
1097 1452 1250 1499 Cybelae
1278 1463 1421 1487 sacrum
1450 1452 1627 1495 venisset,

385 1528 541 1571 “magna
579 1527 754 1561 comitum
792 1527 944 1572 stipatus
983 1538 1113 1570 manu,
1146 1528 1266 1561 furore
1294 1529 1478 1572 correptus
1512 1526 1630 1559 virilia

383 1601 607 1648 “amputavit
647 1601 734 1636 sibi:
779 1601 875 1636 idem
914 1602 1020 1636 feceri
1052 1601 1161 1636 ceteri
1191 1612 1355 1648 quoque,
1385 1601 1446 1647 qui
1475 1612 1556 1635 cum
1586 1612 1628 1635 eo

386 1676 597 1711 “venerantt
624 1678 700 1710 tum
725 1687 789 1721 per
813 1677 950 1722 aliquot
974 1679 1136 1721 tempus,
1152 1678 1192 1709 ut
1220 1687 1298 1710 mos
1323 1686 1508 1710 sacrorum
1533 1679 1630 1718 erat,

386 1750 638 1794 “tumultuati,
677 1750 969 1793 obdormierunt,
1008 1750 1278 1797 expergefactus
1307 1749 1422 1793 Attis,
1462 1761 1543 1784 cum
1582 1750 1625 1784 ad

383 1826 443 1858 “se
474 1825 776 1869 redisset‚coepit
809 1825 1000 1858 lamentari
1033 1824 1277 1858 conditionem
1307 1835 1430 1866 suam,
1449 1824 1630 1869 etiamque

383 1900 450 1935 “de
478 1900 673 1947 repetenda
701 1900 817 1948 patria
847 1899 1047 1947 cogitabat:
1079 1911 1161 1935 cum
1193 1898 1326 1946 Cybele
1354 1898 1492 1945 objecto
1528 1899 1627 1934 leone

385 1976 491 2009 “eum
513 1976 563 2009 ita
577 1976 841 2021 perterrefecit,
858 1979 898 2009 ut
928 1975 973 2009 ab
999 1975 1128 2009 ultimo
1151 1975 1290 2017 littore,
1306 1986 1378 2020 quo
1389 1974 1469 2019 jam
1486 1986 1626 2019 proces-

384 2050 504 2085 “serat
513 2077 522 2094 ,
539 2050 670 2085 iterum
698 2050 736 2085 in
766 2050 924 2085 nemoris
955 2049 1169 2096 opacitatem
1194 2048 1423 2095 compulerit:
1440 2047 1500 2083 ubi
1525 2060 1631 2084 omne

386 2124 589 2170 “reliquum
610 2125 704 2159 vitae
733 2126 889 2170 spatium
906 2125 1046 2169 exegit''‘
1068 2124 1200 2158 Mirum
1230 2135 1317 2158 sane
1333 2124 1503 2158 carminis
1527 2135 1632 2168 argu-

382 2201 548 2233 mentum
576 2201 612 2233 et
641 2209 661 2233 a
695 2202 818 2233 nostra
857 2198 1038 2243 cogitandi
1079 2197 1332 2243 sentiendique
1362 2198 1502 2232 ratione
1530 2209 1630 2243 pror-

416 2397 423 2415 ¹
448 2395 601 2432 Doering.
625 2395 656 2424 in
680 2395 728 2424 ed.
750 2396 794 2433 1.‚
814 2403 884 2432 pag.
910 2397 978 2423 229.
1000 2395 1136 2424 Nandet.
1159 2402 1188 2429 p.
1215 2394 1282 2422 208.
1296 2393 1357 2430 Qui
1370 2393 1462 2428 plura
1483 2393 1521 2422 de
1544 2394 1639 2422 variis

371 2458 412 2486 de
423 2457 535 2486 Attine
549 2458 672 2494 mythis
691 2458 853 2486 desiderat
866 2479 872 2493 ‚
884 2458 979 2486 adeat
991 2457 1114 2492 Pauly,
1136 2456 1343 2485 Reallexicon
1364 2455 1421 2483 des
1440 2455 1486 2483 (Jl.
1499 2455 1585 2483 Alth.
1601 2457 1638 2492 L,

374 2527 404 2554 p.
428 2519 504 2555 235,
526 2519 546 2546 i.
570 2527 599 2547 v.
624 2519 786 2557 Agdistis,
810 2520 842 2547 et
868 2519 934 2555 VI,
957 2519 1034 2554 403,
1057 2526 1115 2553 sqq
1139 2518 1158 2545 i.
1184 2526 1212 2545 v.
1235 2518 1313 2545 Rea.
