<?xml version="1.0" encoding="UTF-8"?>
<!DOCTYPE html PUBLIC "-//W3C//DTD XHTML 1.0 Transitional//EN"
    "http://www.w3.org/TR/xhtml1/DTD/xhtml1-transitional.dtd">
<html xmlns="http://www.w3.org/1999/xhtml" xml:lang="en" lang="en">
 <head>
  <title>
</title>
<meta http-equiv="Content-Type" content="text/html;charset=utf-8" />
  <meta name='ocr-system' content='tesseract 3.04.00' />
  <meta name='ocr-capabilities' content='ocr_page ocr_carea ocr_par ocr_line ocrx_word'/>
</head>
<body>
  <div class='ocr_page' id='page_1' title='image "./4738081_0087.png"; bbox 0 0 1892 3007; ppageno 0'>
   <div class='ocr_carea' id='block_1_1' title="bbox 970 255 1022 293">
    <p class='ocr_par' dir='ltr' id='par_1_1' title="bbox 970 255 1022 293">
     <span class='ocr_line' id='line_1_1' title="bbox 970 255 1022 293; baseline 0.019 -1"><span class='ocrx_word' id='word_1_1' title='bbox 970 255 1022 293; x_wconf 80' lang='lat'>68</span> 
     </span>
    </p>
   </div>
   <div class='ocr_carea' id='block_1_2' title="bbox 372 382 1634 432">
    <p class='ocr_par' dir='ltr' id='par_1_2' title="bbox 372 382 1634 432">
     <span class='ocr_line' id='line_1_2' title="bbox 372 382 1634 432; baseline 0.002 -14"><span class='ocrx_word' id='word_1_2' title='bbox 372 382 465 425; x_wconf 78' lang='lat' dir='ltr'>“Qui</span> <span class='ocrx_word' id='word_1_3' title='bbox 495 395 541 419; x_wconf 88' lang='lat' dir='ltr'>ex</span> <span class='ocrx_word' id='word_1_4' title='bbox 568 385 710 421; x_wconf 89' lang='lat' dir='ltr'>duobus</span> <span class='ocrx_word' id='word_1_5' title='bbox 738 384 845 430; x_wconf 86' lang='lat' dir='ltr'>colis,</span> <span class='ocrx_word' id='word_1_6' title='bbox 870 385 906 421; x_wconf 93' lang='lat' dir='ltr'>id</span> <span class='ocrx_word' id='word_1_7' title='bbox 936 388 990 421; x_wconf 89' lang='lat' dir='ltr'>est</span> <span class='ocrx_word' id='word_1_8' title='bbox 1018 385 1175 421; x_wconf 85' lang='lat' dir='ltr'>dimetro</span> <span class='ocrx_word' id='word_1_9' title='bbox 1198 385 1416 431; x_wconf 78' lang='lat' dir='ltr'>acatalecto,</span> <span class='ocrx_word' id='word_1_10' title='bbox 1441 385 1634 432; x_wconf 84' lang='lat' dir='ltr'>subjuncto</span> 
     </span>
    </p>
   </div>
   <div class='ocr_carea' id='block_1_3' title="bbox 374 459 1430 505">
    <p class='ocr_par' dir='ltr' id='par_1_3' title="bbox 374 459 1430 505">
     <span class='ocr_line' id='line_1_3' title="bbox 374 459 1430 505; baseline 0.003 -11"><span class='ocrx_word' id='word_1_11' title='bbox 374 459 554 495; x_wconf 84' lang='lat' dir='ltr'>“dimetro</span> <span class='ocrx_word' id='word_1_12' title='bbox 583 461 812 505; x_wconf 79' lang='lat' dir='ltr'>catalectico,</span> <span class='ocrx_word' id='word_1_13' title='bbox 842 471 1028 496; x_wconf 87' lang='lat' dir='ltr'>connexus</span> <span class='ocrx_word' id='word_1_14' title='bbox 1059 461 1235 505; x_wconf 86' lang='lat' dir='ltr'>habetur,</span> <span class='ocrx_word' id='word_1_15' title='bbox 1266 464 1308 496; x_wconf 89' lang='lat' dir='ltr'>ut</span> <span class='ocrx_word' id='word_1_16' title='bbox 1337 464 1430 504; x_wconf 81' lang='lat' dir='ltr'>est,:</span> 
     </span>
    </p>
   </div>
   <div class='ocr_carea' id='block_1_4' title="bbox 572 573 1431 617">
    <p class='ocr_par' dir='ltr' id='par_1_4' title="bbox 572 573 1431 617">
     <span class='ocr_line' id='line_1_4' title="bbox 572 573 1431 617; baseline -0.001 -10"><span class='ocrx_word' id='word_1_17' title='bbox 572 574 730 617; x_wconf 71' lang='lat' dir='ltr'>“Seqetes</span> <span class='ocrx_word' id='word_1_18' title='bbox 755 582 856 606; x_wconf 82' lang='lat' dir='ltr'>meum</span> <span class='ocrx_word' id='word_1_19' title='bbox 881 573 1036 606; x_wconf 83' lang='lat' dir='ltr'>laborem.</span> <span class='ocrx_word' id='word_1_20' title='bbox 1062 574 1197 616; x_wconf 72' lang='lat' dir='ltr'>Seqetes</span> <span class='ocrx_word' id='word_1_21' title='bbox 1221 583 1309 606; x_wconf 70' lang='lat' dir='ltr'>meus</span> <span class='ocrx_word' id='word_1_22' title='bbox 1334 573 1431 606; x_wconf 84' lang='lat' dir='ltr'>labor</span> 
     </span>
    </p>
   </div>
   <div class='ocr_carea' id='block_1_5' title="bbox 590 629 1418 659">
    <p class='ocr_par' dir='ltr' id='par_1_5' title="bbox 590 629 1418 659">
     <span class='ocr_line' id='line_1_5' title="bbox 590 629 1418 659; baseline -0.004 -15"><span class='ocrx_word' id='word_1_23' title='bbox 590 629 1030 659; x_wconf 50' lang='grc' dir='ltr'>ψυ-,ν-,ν-,-,</span> <span class='ocrx_word' id='word_1_24' title='bbox 1056 629 1418 658; x_wconf 46' lang='grc' dir='ltr'><strong>ψν-’ψ-’ν-</strong></span> 
     </span>
    </p>
   </div>
   <div class='ocr_carea' id='block_1_6' title="bbox 366 734 1632 1236">
    <p class='ocr_par' dir='ltr' id='par_1_6' title="bbox 366 734 1632 1236">
     <span class='ocr_line' id='line_1_6' title="bbox 370 734 1632 781; baseline 0.001 -12"><span class='ocrx_word' id='word_1_25' title='bbox 370 734 568 770; x_wconf 80' lang='lat' dir='ltr'>“Subsistit</span> <span class='ocrx_word' id='word_1_26' title='bbox 604 745 650 769; x_wconf 89' lang='lat' dir='ltr'>ex</span> <span class='ocrx_word' id='word_1_27' title='bbox 688 734 906 781; x_wconf 87' lang='lat' dir='ltr'>pariambis,</span> <span class='ocrx_word' id='word_1_28' title='bbox 936 735 1109 770; x_wconf 81' lang='lat' dir='ltr'>admixtis</span> <span class='ocrx_word' id='word_1_29' title='bbox 1139 735 1342 779; x_wconf 81' lang='lat' dir='ltr'>trochaeis,</span> <span class='ocrx_word' id='word_1_30' title='bbox 1371 735 1465 770; x_wconf 89' lang='lat' dir='ltr'>sicut</span> <span class='ocrx_word' id='word_1_31' title='bbox 1494 735 1632 770; x_wconf 81' lang='lat' dir='ltr'>dictum</span> 
     </span>
     <span class='ocr_line' id='line_1_7' title="bbox 370 810 1629 857; baseline 0.001 -12"><span class='ocrx_word' id='word_1_32' title='bbox 370 814 466 855; x_wconf 84' lang='lat' dir='ltr'>“est,</span> <span class='ocrx_word' id='word_1_33' title='bbox 495 811 637 846; x_wconf 87' lang='lat' dir='ltr'>alterna</span> <span class='ocrx_word' id='word_1_34' title='bbox 665 811 763 855; x_wconf 89' lang='lat' dir='ltr'>vice,</span> <span class='ocrx_word' id='word_1_35' title='bbox 788 822 871 846; x_wconf 91' lang='lat' dir='ltr'>cum</span> <span class='ocrx_word' id='word_1_36' title='bbox 900 811 1019 857; x_wconf 83' lang='lat' dir='ltr'>longis</span> <span class='ocrx_word' id='word_1_37' title='bbox 1050 810 1177 847; x_wconf 88' lang='lat' dir='ltr'>breves</span> <span class='ocrx_word' id='word_1_38' title='bbox 1206 814 1269 846; x_wconf 90' lang='lat' dir='ltr'>aut</span> <span class='ocrx_word' id='word_1_39' title='bbox 1299 810 1468 847; x_wconf 86' lang='lat' dir='ltr'>brevibus</span> <span class='ocrx_word' id='word_1_40' title='bbox 1498 810 1629 857; x_wconf 85' lang='lat' dir='ltr'>longae</span> 
     </span>
     <span class='ocr_line' id='line_1_8' title="bbox 370 885 1631 932; baseline 0 -12"><span class='ocrx_word' id='word_1_41' title='bbox 370 885 647 932; x_wconf 87' lang='lat' dir='ltr'>“subjiciuntur.</span> <span class='ocrx_word' id='word_1_42' title='bbox 684 885 895 921; x_wconf 85' lang='lat' dir='ltr'>Memineris</span> <span class='ocrx_word' id='word_1_43' title='bbox 933 889 1057 921; x_wconf 89' lang='lat' dir='ltr'>tamen</span> <span class='ocrx_word' id='word_1_44' title='bbox 1097 889 1133 921; x_wconf 91' lang='lat' dir='ltr'>et</span> <span class='ocrx_word' id='word_1_45' title='bbox 1181 886 1393 932; x_wconf 79' lang='lat' dir='ltr'>tribrachyn</span> <span class='ocrx_word' id='word_1_46' title='bbox 1438 886 1514 920; x_wconf 90' lang='lat' dir='ltr'>loco</span> <span class='ocrx_word' id='word_1_47' title='bbox 1558 890 1631 920; x_wconf 88' lang='lat' dir='ltr'>tro-</span> 
     </span>
     <span class='ocr_line' id='line_1_9' title="bbox 368 961 1629 1008; baseline 0 -11"><span class='ocrx_word' id='word_1_48' title='bbox 368 963 495 997; x_wconf 85' lang='lat' dir='ltr'>“chaei</span> <span class='ocrx_word' id='word_1_49' title='bbox 533 963 602 997; x_wconf 90' lang='lat' dir='ltr'>hoc</span> <span class='ocrx_word' id='word_1_50' title='bbox 641 965 821 1006; x_wconf 85' lang='lat' dir='ltr'>metrum,</span> <span class='ocrx_word' id='word_1_51' title='bbox 859 963 890 997; x_wconf 91' lang='lat' dir='ltr'>si</span> <span class='ocrx_word' id='word_1_52' title='bbox 930 962 1127 997; x_wconf 84' lang='lat' dir='ltr'>necessitas</span> <span class='ocrx_word' id='word_1_53' title='bbox 1163 961 1375 1008; x_wconf 89' lang='lat' dir='ltr'>postularit,</span> <span class='ocrx_word' id='word_1_54' title='bbox 1417 961 1629 1006; x_wconf 78' lang='lat' dir='ltr'>admittere,</span> 
     </span>
     <span class='ocr_line' id='line_1_10' title="bbox 369 1036 1629 1084; baseline -0.002 -12"><span class='ocrx_word' id='word_1_55' title='bbox 369 1039 512 1084; x_wconf 88' lang='lat' dir='ltr'>“neque</span> <span class='ocrx_word' id='word_1_56' title='bbox 535 1037 780 1072; x_wconf 85' lang='lat' dir='ltr'>adcrescentis</span> <span class='ocrx_word' id='word_1_57' title='bbox 804 1036 966 1083; x_wconf 81' lang='lat' dir='ltr'>syllabae</span> <span class='ocrx_word' id='word_1_58' title='bbox 991 1047 1206 1080; x_wconf 89' lang='lat' dir='ltr'>numerum,</span> <span class='ocrx_word' id='word_1_59' title='bbox 1232 1047 1315 1071; x_wconf 91' lang='lat' dir='ltr'>cum</span> <span class='ocrx_word' id='word_1_60' title='bbox 1337 1036 1374 1071; x_wconf 91' lang='lat' dir='ltr'>in</span> <span class='ocrx_word' id='word_1_61' title='bbox 1405 1036 1629 1082; x_wconf 85' lang='lat' dir='ltr'>temporibus</span> 
     </span>
     <span class='ocr_line' id='line_1_11' title="bbox 368 1096 1628 1157; baseline -0.001 -9"><span class='ocrx_word' id='word_1_62' title='bbox 368 1114 511 1148; x_wconf 89' lang='lat' dir='ltr'>“omnis</span> <span class='ocrx_word' id='word_1_63' title='bbox 547 1113 641 1148; x_wconf 87' lang='lat' dir='ltr'>ratio</span> <span class='ocrx_word' id='word_1_64' title='bbox 671 1112 916 1157; x_wconf 84' lang='lat' dir='ltr'>custodiatur,</span> <span class='ocrx_word' id='word_1_65' title='bbox 946 1096 1112 1156; x_wconf 83' lang='lat' dir='ltr'>officere,</span> <span class='ocrx_word' id='word_1_66' title='bbox 1150 1114 1191 1147; x_wconf 89' lang='lat' dir='ltr'>ut</span> <span class='ocrx_word' id='word_1_67' title='bbox 1230 1112 1298 1147; x_wconf 92' lang='lat' dir='ltr'>hoc</span> <span class='ocrx_word' id='word_1_68' title='bbox 1336 1111 1628 1157; x_wconf 84' lang='lat' dir='ltr'>galliambicum,</span> 
     </span>
     <span class='ocr_line' id='line_1_12' title="bbox 366 1187 1628 1236; baseline -0.002 -12"><span class='ocrx_word' id='word_1_69' title='bbox 366 1188 487 1236; x_wconf 85' lang='lat' dir='ltr'>“quod</span> <span class='ocrx_word' id='word_1_70' title='bbox 524 1188 706 1224; x_wconf 86' lang='lat' dir='ltr'>solutione</span> <span class='ocrx_word' id='word_1_71' title='bbox 741 1188 985 1235; x_wconf 86' lang='lat' dir='ltr'>complurium</span> <span class='ocrx_word' id='word_1_72' title='bbox 1023 1187 1245 1235; x_wconf 82' lang='lat' dir='ltr'>syllabarum</span> <span class='ocrx_word' id='word_1_73' title='bbox 1277 1187 1517 1234; x_wconf 89' lang='lat' dir='ltr'>compositum</span> <span class='ocrx_word' id='word_1_74' title='bbox 1550 1191 1604 1222; x_wconf 85' lang='lat' dir='ltr'>est</span> <span class='ocrx_word' id='word_1_75' title='bbox 1620 1215 1628 1227; x_wconf 84' lang='lat'>,</span> 
     </span>
    </p>
   </div>
   <div class='ocr_carea' id='block_1_7' title="bbox 365 1262 1628 1384">
    <p class='ocr_par' dir='ltr' id='par_1_7' title="bbox 365 1262 1628 1384">
     <span class='ocr_line' id='line_1_13' title="bbox 365 1262 968 1311; baseline 0 -12"><span class='ocrx_word' id='word_1_76' title='bbox 365 1268 428 1299; x_wconf 84' lang='lat' dir='ltr'>“ut</span> <span class='ocrx_word' id='word_1_77' title='bbox 458 1262 584 1300; x_wconf 78' lang='lat' dir='ltr'>“volat</span> <span class='ocrx_word' id='word_1_78' title='bbox 613 1263 787 1311; x_wconf 72' lang='lat' dir='ltr'>aqiliter”</span> <span class='ocrx_word' id='word_1_79' title='bbox 817 1264 925 1299; x_wconf 83' lang='lat' dir='ltr'>sunt&#39;’</span> <span class='ocrx_word' id='word_1_80' title='bbox 946 1266 968 1299; x_wconf 90' lang='lat'>¹.</span> 
     </span>
     <span class='ocr_line' id='line_1_14' title="bbox 421 1337 1628 1384; baseline -0.002 -10"><span class='ocrx_word' id='word_1_81' title='bbox 421 1337 521 1374; x_wconf 84' lang='lat' dir='ltr'>Idem</span> <span class='ocrx_word' id='word_1_82' title='bbox 550 1339 622 1374; x_wconf 88' lang='lat' dir='ltr'>alio</span> <span class='ocrx_word' id='word_1_83' title='bbox 650 1338 779 1374; x_wconf 80' lang='lat' dir='ltr'>loco&#39;:</span> <span class='ocrx_word' id='word_1_84' title='bbox 810 1338 888 1373; x_wconf 85' lang='lat' dir='ltr'>“Ex</span> <span class='ocrx_word' id='word_1_85' title='bbox 925 1339 994 1373; x_wconf 87' lang='lat' dir='ltr'>hoc</span> <span class='ocrx_word' id='word_1_86' title='bbox 1037 1337 1316 1373; x_wconf 90' lang='lat' dir='ltr'>Galliambicum</span> <span class='ocrx_word' id='word_1_87' title='bbox 1358 1337 1454 1384; x_wconf 88' lang='lat' dir='ltr'>quod</span> <span class='ocrx_word' id='word_1_88' title='bbox 1499 1341 1628 1372; x_wconf 84' lang='lat' dir='ltr'>vocant</span> 
     </span>
    </p>
   </div>
   <div class='ocr_carea' id='block_1_8' title="bbox 363 1413 1628 1611">
    <p class='ocr_par' dir='ltr' id='par_1_8' title="bbox 363 1413 1628 1611">
     <span class='ocr_line' id='line_1_15' title="bbox 365 1413 1628 1459; baseline -0.002 -9"><span class='ocrx_word' id='word_1_89' title='bbox 365 1417 548 1450; x_wconf 90' lang='lat' dir='ltr'>“metrum</span> <span class='ocrx_word' id='word_1_90' title='bbox 559 1443 568 1459; x_wconf 91' lang='lat'>,</span> <span class='ocrx_word' id='word_1_91' title='bbox 584 1414 749 1449; x_wconf 89' lang='lat' dir='ltr'>emollita</span> <span class='ocrx_word' id='word_1_92' title='bbox 771 1425 814 1450; x_wconf 89' lang='lat' dir='ltr'>ac</span> <span class='ocrx_word' id='word_1_93' title='bbox 828 1414 984 1449; x_wconf 83' lang='lat' dir='ltr'>tremula</span> <span class='ocrx_word' id='word_1_94' title='bbox 1000 1413 1249 1449; x_wconf 86' lang='lat' dir='ltr'>modulatione</span> <span class='ocrx_word' id='word_1_95' title='bbox 1264 1414 1460 1448; x_wconf 86' lang='lat' dir='ltr'>formatum</span> <span class='ocrx_word' id='word_1_96' title='bbox 1477 1423 1628 1447; x_wconf 88' lang='lat' dir='ltr'>manare</span> 
     </span>
     <span class='ocr_line' id='line_1_16' title="bbox 363 1488 1626 1536; baseline -0.002 -11"><span class='ocrx_word' id='word_1_97' title='bbox 363 1490 598 1525; x_wconf 88' lang='lat' dir='ltr'>“dinoscitur.</span> <span class='ocrx_word' id='word_1_98' title='bbox 629 1489 723 1525; x_wconf 88' lang='lat' dir='ltr'>Nam</span> <span class='ocrx_word' id='word_1_99' title='bbox 762 1489 792 1524; x_wconf 86' lang='lat' dir='ltr'>si</span> <span class='ocrx_word' id='word_1_100' title='bbox 832 1500 974 1524; x_wconf 89' lang='lat' dir='ltr'>comma</span> <span class='ocrx_word' id='word_1_101' title='bbox 1004 1489 1203 1536; x_wconf 84' lang='lat' dir='ltr'>superioris</span> <span class='ocrx_word' id='word_1_102' title='bbox 1232 1488 1399 1523; x_wconf 88' lang='lat' dir='ltr'>versiculi</span> <span class='ocrx_word' id='word_1_103' title='bbox 1430 1488 1626 1535; x_wconf 82' lang='lat' dir='ltr'>repetendo</span> 
     </span>
     <span class='ocr_line' id='line_1_17' title="bbox 365 1564 1625 1611; baseline -0.002 -11"><span class='ocrx_word' id='word_1_104' title='bbox 365 1565 651 1611; x_wconf 81' lang='lat' dir='ltr'>“geminaveris,</span> <span class='ocrx_word' id='word_1_105' title='bbox 682 1566 729 1600; x_wconf 88' lang='lat' dir='ltr'>ita</span> <span class='ocrx_word' id='word_1_106' title='bbox 771 1568 895 1599; x_wconf 79' lang='lat' dir='ltr'>tamen</span> <span class='ocrx_word' id='word_1_107' title='bbox 935 1567 976 1599; x_wconf 85' lang='lat' dir='ltr'>ut</span> <span class='ocrx_word' id='word_1_108' title='bbox 1013 1564 1201 1611; x_wconf 87' lang='lat' dir='ltr'>sequentis</span> <span class='ocrx_word' id='word_1_109' title='bbox 1239 1564 1422 1599; x_wconf 89' lang='lat' dir='ltr'>clausulae</span> <span class='ocrx_word' id='word_1_110' title='bbox 1458 1564 1625 1599; x_wconf 90' lang='lat' dir='ltr'>ultimam</span> 
     </span>
    </p>
   </div>
   <div class='ocr_carea' id='block_1_9' title="bbox 359 1639 1569 1795">
    <p class='ocr_par' dir='ltr' id='par_1_9' title="bbox 359 1639 1569 1795">
     <span class='ocr_line' id='line_1_18' title="bbox 359 1639 1569 1687; baseline -0.002 -11"><span class='ocrx_word' id='word_1_111' title='bbox 359 1640 559 1687; x_wconf 75' lang='lat' dir='ltr'>“syllabam</span> <span class='ocrx_word' id='word_1_112' title='bbox 584 1640 797 1685; x_wconf 85' lang='lat' dir='ltr'>subtrahas,</span> <span class='ocrx_word' id='word_1_113' title='bbox 827 1651 974 1676; x_wconf 83' lang='lat' dir='ltr'>versum</span> <span class='ocrx_word' id='word_1_114' title='bbox 1003 1639 1283 1675; x_wconf 87' lang='lat' dir='ltr'>Galliambicum</span> <span class='ocrx_word' id='word_1_115' title='bbox 1314 1639 1469 1683; x_wconf 80' lang='lat' dir='ltr'>efficies;</span> <span class='ocrx_word' id='word_1_116' title='bbox 1498 1640 1569 1675; x_wconf 89' lang='lat' dir='ltr'>sic:</span> 
     </span>
     <span class='ocr_line' id='line_1_19' title="bbox 526 1749 1454 1795; baseline 0.001 -11"><span class='ocrx_word' id='word_1_117' title='bbox 526 1752 686 1795; x_wconf 68' lang='lat' dir='ltr'>“Seqetes</span> <span class='ocrx_word' id='word_1_118' title='bbox 711 1760 812 1783; x_wconf 82' lang='lat' dir='ltr'>meum</span> <span class='ocrx_word' id='word_1_119' title='bbox 837 1750 1002 1791; x_wconf 80' lang='lat' dir='ltr'>laborem,</span> <span class='ocrx_word' id='word_1_120' title='bbox 1028 1753 1157 1794; x_wconf 71' lang='lat' dir='ltr'>seqetes</span> <span class='ocrx_word' id='word_1_121' title='bbox 1183 1761 1271 1783; x_wconf 69' lang='lat' dir='ltr'>meus</span> <span class='ocrx_word' id='word_1_122' title='bbox 1295 1750 1413 1784; x_wconf 80' lang='lat' dir='ltr'>labor’&#39;</span> <span class='ocrx_word' id='word_1_123' title='bbox 1429 1749 1454 1785; x_wconf 83' lang='lat'>³.</span> 
     </span>
    </p>
   </div>
   <div class='ocr_carea' id='block_1_10' title="bbox 357 1857 1622 2129">
    <p class='ocr_par' dir='ltr' id='par_1_10' title="bbox 357 1857 1622 2129">
     <span class='ocr_line' id='line_1_20' title="bbox 416 1857 1622 1905; baseline 0.001 -12"><span class='ocrx_word' id='word_1_124' title='bbox 416 1857 520 1893; x_wconf 86' lang='lat' dir='ltr'>“Hoc</span> <span class='ocrx_word' id='word_1_125' title='bbox 560 1869 676 1903; x_wconf 83' lang='lat' dir='ltr'>genus</span> <span class='ocrx_word' id='word_1_126' title='bbox 713 1857 822 1892; x_wconf 85' lang='lat' dir='ltr'>metri</span> <span class='ocrx_word' id='word_1_127' title='bbox 862 1858 1023 1892; x_wconf 82' lang='lat' dir='ltr'>maxime</span> <span class='ocrx_word' id='word_1_128' title='bbox 1060 1857 1244 1892; x_wconf 83' lang='lat' dir='ltr'>desiderat</span> <span class='ocrx_word' id='word_1_129' title='bbox 1273 1859 1435 1905; x_wconf 84' lang='lat' dir='ltr'>separari</span> <span class='ocrx_word' id='word_1_130' title='bbox 1464 1859 1501 1893; x_wconf 89' lang='lat' dir='ltr'>in</span> <span class='ocrx_word' id='word_1_131' title='bbox 1531 1859 1622 1894; x_wconf 79' lang='lat' dir='ltr'>duas</span> 
     </span>
     <span class='ocr_line' id='line_1_21' title="bbox 357 1923 1622 1980; baseline 0.001 -12"><span class='ocrx_word' id='word_1_132' title='bbox 357 1934 580 1977; x_wconf 85' lang='lat' dir='ltr'>“clausulas,</span> <span class='ocrx_word' id='word_1_133' title='bbox 609 1937 800 1979; x_wconf 87' lang='lat' dir='ltr'>tamquam</span> <span class='ocrx_word' id='word_1_134' title='bbox 835 1932 976 1980; x_wconf 82' lang='lat' dir='ltr'>“Super</span> <span class='ocrx_word' id='word_1_135' title='bbox 1000 1931 1083 1968; x_wconf 71' lang='lat' dir='ltr'>alta</span> <span class='ocrx_word' id='word_1_136' title='bbox 1121 1935 1249 1969; x_wconf 76' lang='lat' dir='ltr'>vectus</span> <span class='ocrx_word' id='word_1_137' title='bbox 1282 1932 1434 1977; x_wconf 69' lang='lat' dir='ltr'>Attis”;</span> <span class='ocrx_word' id='word_1_138' title='bbox 1472 1923 1622 1969; x_wconf 78' lang='lat' dir='ltr'>dehinc:</span> 
     </span>
     <span class='ocr_line' id='line_1_22' title="bbox 359 2006 1622 2055; baseline 0.002 -14"><span class='ocrx_word' id='word_1_139' title='bbox 359 2006 509 2043; x_wconf 78' lang='lat' dir='ltr'>“Celeri</span> <span class='ocrx_word' id='word_1_140' title='bbox 532 2010 615 2043; x_wconf 71' lang='lat' dir='ltr'>rate</span> <span class='ocrx_word' id='word_1_141' title='bbox 640 2006 795 2042; x_wconf 81' lang='lat' dir='ltr'>maria.&#39;’</span> <span class='ocrx_word' id='word_1_142' title='bbox 823 2007 927 2048; x_wconf 88' lang='lat' dir='ltr'>Quod</span> <span class='ocrx_word' id='word_1_143' title='bbox 963 2007 1112 2053; x_wconf 87' lang='lat' dir='ltr'>quidem</span> <span class='ocrx_word' id='word_1_144' title='bbox 1144 2007 1404 2051; x_wconf 86' lang='lat' dir='ltr'>Metroiacum,</span> <span class='ocrx_word' id='word_1_145' title='bbox 1434 2020 1496 2053; x_wconf 89' lang='lat' dir='ltr'>eo,</span> <span class='ocrx_word' id='word_1_146' title='bbox 1526 2009 1622 2055; x_wconf 90' lang='lat' dir='ltr'>quod</span> 
     </span>
     <span class='ocr_line' id='line_1_23' title="bbox 358 2082 1621 2129; baseline 0.002 -12"><span class='ocrx_word' id='word_1_147' title='bbox 358 2083 491 2118; x_wconf 85' lang='lat' dir='ltr'>“deum</span> <span class='ocrx_word' id='word_1_148' title='bbox 531 2083 660 2118; x_wconf 79' lang='lat' dir='ltr'>matris</span> <span class='ocrx_word' id='word_1_149' title='bbox 696 2083 864 2117; x_wconf 86' lang='lat' dir='ltr'>cantibus</span> <span class='ocrx_word' id='word_1_150' title='bbox 901 2085 1025 2128; x_wconf 87' lang='lat' dir='ltr'>aptum</span> <span class='ocrx_word' id='word_1_151' title='bbox 1064 2082 1132 2127; x_wconf 88' lang='lat' dir='ltr'>sit,</span> <span class='ocrx_word' id='word_1_152' title='bbox 1164 2083 1367 2129; x_wconf 82' lang='lat' dir='ltr'>meritoque</span> <span class='ocrx_word' id='word_1_153' title='bbox 1396 2084 1507 2119; x_wconf 82' lang='lat' dir='ltr'>etiam</span> <span class='ocrx_word' id='word_1_154' title='bbox 1537 2083 1621 2119; x_wconf 85' lang='lat' dir='ltr'>Gal-</span> 
     </span>
    </p>
   </div>
   <div class='ocr_carea' id='block_1_11' title="bbox 360 2157 1622 2204">
    <p class='ocr_par' dir='ltr' id='par_1_11' title="bbox 360 2157 1622 2204">
     <span class='ocr_line' id='line_1_24' title="bbox 360 2157 1622 2204; baseline 0.001 -11"><span class='ocrx_word' id='word_1_155' title='bbox 360 2158 561 2193; x_wconf 89' lang='lat' dir='ltr'>“liambum</span> <span class='ocrx_word' id='word_1_156' title='bbox 600 2169 621 2192; x_wconf 92' lang='lat' dir='ltr'>a</span> <span class='ocrx_word' id='word_1_157' title='bbox 660 2157 773 2193; x_wconf 89' lang='lat' dir='ltr'>Gallis</span> <span class='ocrx_word' id='word_1_158' title='bbox 801 2157 980 2192; x_wconf 83' lang='lat' dir='ltr'>ministris</span> <span class='ocrx_word' id='word_1_159' title='bbox 1008 2157 1099 2192; x_wconf 88' lang='lat' dir='ltr'>deae</span> <span class='ocrx_word' id='word_1_160' title='bbox 1127 2157 1377 2204; x_wconf 86' lang='lat' dir='ltr'>appellarunt,</span> <span class='ocrx_word' id='word_1_161' title='bbox 1418 2162 1465 2196; x_wconf 73' lang='lat' dir='ltr'>ut,</span> <span class='ocrx_word' id='word_1_162' title='bbox 1499 2170 1622 2194; x_wconf 83' lang='lat' dir='ltr'>versus</span> 
     </span>
    </p>
   </div>
   <div class='ocr_carea' id='block_1_12' title="bbox 363 2234 677 2269">
    <p class='ocr_par' dir='ltr' id='par_1_12' title="bbox 363 2234 677 2269">
     <span class='ocr_line' id='line_1_25' title="bbox 363 2234 677 2269; baseline 0 -1"><span class='ocrx_word' id='word_1_163' title='bbox 363 2234 445 2268; x_wconf 88' lang='lat' dir='ltr'>“isti</span> <span class='ocrx_word' id='word_1_164' title='bbox 477 2237 677 2269; x_wconf 84' lang='lat' dir='ltr'>testantur:</span> 
     </span>
    </p>
   </div>
   <div class='ocr_carea' id='block_1_13' title="bbox 391 2461 1417 2623">
    <p class='ocr_par' dir='ltr' id='par_1_13' title="bbox 391 2461 1417 2623">
     <span class='ocr_line' id='line_1_26' title="bbox 396 2461 1417 2490; baseline -0.001 0"><span class='ocrx_word' id='word_1_165' title='bbox 396 2466 401 2482; x_wconf 92' lang='lat'><strong>¹</strong></span> <span class='ocrx_word' id='word_1_166' title='bbox 431 2462 512 2490; x_wconf 78' lang='lat' dir='ltr'>Post</span> <span class='ocrx_word' id='word_1_167' title='bbox 536 2461 615 2489; x_wconf 84' lang='lat' dir='ltr'>haec</span> <span class='ocrx_word' id='word_1_168' title='bbox 641 2461 738 2489; x_wconf 83' lang='lat' dir='ltr'>verba</span> <span class='ocrx_word' id='word_1_169' title='bbox 761 2461 916 2489; x_wconf 78' lang='lat' dir='ltr'>nonnulla</span> <span class='ocrx_word' id='word_1_170' title='bbox 937 2461 1063 2489; x_wconf 78' lang='lat' dir='ltr'>desunt.</span> <span class='ocrx_word' id='word_1_171' title='bbox 1090 2461 1223 2489; x_wconf 83' lang='lat' dir='ltr'>Mutilus</span> <span class='ocrx_word' id='word_1_172' title='bbox 1247 2461 1336 2490; x_wconf 85' lang='lat' dir='ltr'>locus</span> <span class='ocrx_word' id='word_1_173' title='bbox 1358 2464 1417 2490; x_wconf 83' lang='lat' dir='ltr'>est.</span> 
     </span>
     <span class='ocr_line' id='line_1_27' title="bbox 392 2523 1279 2560; baseline -0.001 -7"><span class='ocrx_word' id='word_1_174' title='bbox 392 2526 405 2546; x_wconf 80' lang='lat'><em>²</em></span> <span class='ocrx_word' id='word_1_175' title='bbox 426 2524 490 2553; x_wconf 85' lang='lat' dir='ltr'>Lib</span> <span class='ocrx_word' id='word_1_176' title='bbox 510 2524 577 2558; x_wconf 87' lang='lat' dir='ltr'>Iv,</span> <span class='ocrx_word' id='word_1_177' title='bbox 601 2531 670 2560; x_wconf 81' lang='lat' dir='ltr'>cap.</span> <span class='ocrx_word' id='word_1_178' title='bbox 696 2526 708 2552; x_wconf 96' lang='lat' dir='ltr'>l</span> <span class='ocrx_word' id='word_1_179' title='bbox 734 2524 752 2559; x_wconf 67' lang='grc' dir='ltr'>ἓ</span> <span class='ocrx_word' id='word_1_180' title='bbox 774 2524 812 2551; x_wconf 84' lang='grc'>94</span> <span class='ocrx_word' id='word_1_181' title='bbox 835 2531 882 2560; x_wconf 82' lang='lat' dir='ltr'>sq.</span> <span class='ocrx_word' id='word_1_182' title='bbox 906 2523 1075 2560; x_wconf 62' lang='lat' dir='ltr'>Gfflsford,</span> <span class='ocrx_word' id='word_1_183' title='bbox 1099 2531 1129 2559; x_wconf 84' lang='lat' dir='ltr'>p.</span> <span class='ocrx_word' id='word_1_184' title='bbox 1149 2523 1208 2552; x_wconf 79' lang='lat'>212</span> <span class='ocrx_word' id='word_1_185' title='bbox 1232 2531 1279 2560; x_wconf 85' lang='lat' dir='ltr'>sq.</span> 
     </span>
     <span class='ocr_line' id='line_1_28' title="bbox 391 2586 1354 2623; baseline 0 -10"><span class='ocrx_word' id='word_1_186' title='bbox 391 2590 403 2607; x_wconf 71' lang='lat'>²⁵</span> <span class='ocrx_word' id='word_1_187' title='bbox 430 2587 526 2623; x_wconf 85' lang='lat' dir='ltr'>Vide,</span> <span class='ocrx_word' id='word_1_188' title='bbox 551 2593 633 2622; x_wconf 83' lang='lat' dir='ltr'>quac</span> <span class='ocrx_word' id='word_1_189' title='bbox 656 2593 753 2620; x_wconf 82' lang='lat' dir='ltr'>supra</span> <span class='ocrx_word' id='word_1_190' title='bbox 778 2593 795 2614; x_wconf 86' lang='lat' dir='ltr'>c</span> <span class='ocrx_word' id='word_1_191' title='bbox 819 2586 1015 2615; x_wconf 80' lang='lat' dir='ltr'>Terentiano</span> <span class='ocrx_word' id='word_1_192' title='bbox 1042 2586 1151 2615; x_wconf 82' lang='lat' dir='ltr'>Mauro</span> <span class='ocrx_word' id='word_1_193' title='bbox 1174 2586 1354 2615; x_wconf 82' lang='lat' dir='ltr'>attulimus.</span> 
     </span>
    </p>
   </div>
  </div>
 </body>
</html>
