1892 3007
609 347 728 383 D.M.

608 433 1143 460 IPSITHILLAE.

608 508 1158 534 DULC‘ISSIMAE.

608 582 1068 609 c.VALER1us.

608 657 1014 684 CATULnus.
1225 667 1293 713 ,τ’

608 732 636 757 Μ
666 733 689 757 Ο
719 733 851 761 EMRE-
877 734 907 758 NV
933 733 963 758 S.
995 734 1028 759 P.

312 870 489 907 Desumta
523 877 579 908 est
605 885 650 908 ex
678 874 852 910 Auctario
881 874 1205 910 Monumentorum
1234 875 1333 921 quod
1368 875 1502 910 “Vero-

256 947 347 981 nae''
375 947 625 982 eruditissimi·
641 948 818 993 Panuini,
841 949 962 984 studio
985 949 1316 984 illustrissimorum
1341 951 1503 985 virorum

256 1021 309 1056 Jo.
347 1021 532 1068 Baptistae
569 1022 711 1059 Lisciae
747 1027 784 1059 et
820 1023 955 1059 Cozzae
989 1024 1035 1059 de
1064 1024 1186 1060 Cozzis
1215 1024 1399 1071 adjectum
1427 1029 1502 1070 est,

255 1096 379 1142 ibique
405 1097 538 1143 legitur
564 1099 661 1134 inter
688 1099 758 1134 alia
786 1110 990 1144 marmora,
1023 1099 1121 1145 “jam
1149 1100 1284 1135 denato
1314 1101 1501 1137 Panuino'’

259 1176 372 1208 eruta·
415 1172 494 1215 Qua
535 1173 769 1220 inscriptione
806 1175 921 1209 fretus
957 1175 1013 1210 vir
1050 1174 1280 1210 doctissimus
1319 1178 1340 1210 a
1378 1175 1502 1210 Monte

256 1247 378 1283 Leone
405 1248 444 1283 in
471 1248 641 1295 epistola,
669 1260 780 1296 quam
808 1249 854 1284 ad
883 1248 1095 1285 Malvasiam
1122 1250 1242 1295 misit,
1267 1250 1358 1286 haec
1383 1250 1502 1286 excla-

256 1326 352 1358 mat:
396 1323 534 1368 “Quid,
571 1325 602 1359 si
630 1325 779 1360 vidisset
808 1324 997 1371 Scaliger?
1025 1326 1136 1370 adeo,
1169 1337 1216 1360 ne
1245 1336 1290 1360 ex
1322 1326 1500 1361 versiculo

260 1397 391 1434 “allato
410 1401 420 1420 ¹
455 1411 516 1435 eos
539 1399 714 1447 amplius,
740 1400 802 1446 qui
828 1400 879 1435 illi
905 1399 992 1446 Cajo
1015 1411 1239 1447 praenomen
1262 1401 1399 1436 faciunt
1420 1412 1502 1436 coe·

260 1473 394 1519 “gisset
414 1475 635 1509 sententiam
658 1486 763 1510 suam
796 1475 968 1510 mutare‘?
998 1475 1221 1511 Germanum
1252 1479 1308 1511 est
1336 1487 1499 1511 marmor

260 1547 318 1584 “et
354 1548 599 1585 Catullianum
625 1550 783 1596 praefert
818 1561 890 1585 non
919 1553 1064 1586 tantum
1093 1552 1262 1597 genium,
1291 1551 1355 1586 sed
1383 1552 1494 1586 etiam

259 1623 440 1669 “genitale
464 1624 597 1659 Poetae
620 1624 755 1668 solum,
778 1627 903 1671 utpote
927 1625 1155 1670 Veronense,
1184 1625 1230 1660 ab
1254 1626 1408 1672 ipsomet
1432 1625 1500 1660 Ca-

259 1698 371 1734 “tullo
408 1699 568 1734 amasiae
604 1710 692 1734 suae
719 1699 911 1736 defunctae
938 1700 1118 1745 dicatum,
1147 1701 1414 1747 respondetque
1450 1701 1497 1736 ad

260 1773 459 1809 “amussim
486 1774 759 1821 epigrammati,
787 1775 884 1822 quod
911 1775 957 1810 de
984 1775 1112 1810 eadem
1142 1776 1286 1812 vivente
1315 1776 1495 1811 cecinerat

258 1849 317 1885 “et
344 1850 463 1885 adhuc
490 1851 542 1885 sic
570 1850 718 1896 legitur:

590 2004 732 2034 “Amabo
752 2011 824 2033 mea
844 2004 947 2033 dulcis
968 2003 1148 2042 Ipsithilla,

586 2067 679 2096 Meae
700 2066 854 2104 deliciae,
873 2066 937 2096 mei
958 2065 1115 2102 lepores.‘'
1137 2068 1202 2095 cet.

308 2225 519 2273 “Integrum
547 2238 620 2262 non
648 2227 831 2272 exscribo,
860 2227 946 2274 quia
973 2227 1069 2263 illius
1098 2219 1405 2264 obscoenitatibus
1435 2229 1490 2263 in-

252 2303 395 2349 quinari
424 2302 584 2338 calamus
598 2303 766 2338 .renuit.'’

304 2377 377 2413 Sed
417 2378 454 2412 id
490 2378 629 2424 ipsum,
666 2379 764 2425 quod
801 2378 918 2413 virum
955 2378 1103 2413 doctum
1130 2379 1315 2423 incitavit,
1344 2383 1384 2413 ut
1421 2391 1494 2414 non

292 2543 300 2561 ¹
326 2539 442 2569 catull.
464 2547 491 2569 c.
512 2540 660 2577 LXVII,
684 2541 732 2569 12.
