1892 3007
912 236 933 270 7

314 366 351 397 et
375 340 643 399 :Schurzfleisch
671 364 717 398 ad
746 363 865 398 Schol.
890 364 1017 399 Juven.
1041 363 1144 409 VIII,
1171 361 1250 397 186
1270 362 1550 409 perhibuerunt,

315 436 439 480 Quinti
476 449 697 485 praenomen
733 438 818 474 inde
851 437 1030 485 originem
1068 438 1219 482 ducere,
1248 437 1346 485 quod
1375 436 1550 479 Quintum

309 512 495 547 Lutatium
520 512 708 555 Catulum,
727 512 829 559 cujus
852 513 1056 559 fragmenta
1082 514 1179 560 apud
1207 512 1362 547 Gellium
1390 494 1550 556 exedant,

307 588 463 624 eundem
487 600 566 624 esse
587 588 818 624 crediderunt
840 600 883 625 ac
905 590 1092 633 nostrum;
1116 588 1231 624 multo
1251 588 1386 634 magis,
1403 588 1549 635 opinor,

313 661 489 698 Catullus
525 674 568 698 eo
606 666 787 710 tempore,
818 675 890 709 quo
919 662 1205 698 Catullianorum
1233 663 1436 698 carminum
1464 674 1549 709 apo-

305 738 442 784 grapha
489 739 652 774 confecta
701 749 779 773 esse
821 741 981 783 constat,
1023 749 1133 785 quam
1180 736 1340 773 Catulus
1380 738 1547 773 omnibus

305 815 411 848 notus
440 816 528 848 erat.
558 813 661 855 Quod
688 813 785 849 idem
813 813 909 849 valet
934 813 980 849 de
1008 813 1142 856 Quinto
1172 813 1312 848 Catullo
1341 812 1547 857 Urbicario‚

302 888 477 924 Martialis
502 889 654 936 aequali.
680 889 761 936 Ipse
780 888 1043 925 Schurzfleisch
1064 890 1086 924 l.
1111 890 1132 924 l.
1158 890 1292 924 fatetur
1311 890 1347 924 in
1373 889 1416 924 A.
1442 889 1547 924 Gellii

298 967 334 998 et
361 965 399 998 in
439 964 612 999 Macrobii
651 964 833 1010 codicibus
871 964 1088 1011 quibusdam
1116 968 1240 999 nostro
1274 967 1401 1011 poetae
1438 964 1547 999 tribui

297 1039 422 1081 Quinti
447 1051 690 1085 praenomen,
717 1051 787 1086 qua
811 1051 851 1074 re
874 1051 1009 1074 novum
1029 1040 1114 1075 huic
1129 1040 1268 1075 nomini
1283 1040 1429 1075 additur
1442 1051 1546 1087 prae-

298 1114 443 1149 sidium.
461 1113 533 1149 Sed
548 1115 638 1150 haec
646 1115 724 1161 jam
741 1115 934 1150 sufficiant.
950 1114 1046 1150 Satis
1061 1126 1104 1150 ex
1120 1116 1176 1150 his
1191 1116 1359 1151 omnibus
1373 1127 1546 1162 apparere

300 1189 406 1224 credo
445 1190 570 1231 Quinti
608 1201 742 1224 nomen
779 1202 801 1225 a
839 1190 1074 1225 Lachmanno
1105 1189 1188 1236 jure
1216 1191 1334 1237 longis
1361 1202 1382 1225 a
1412 1190 1544 1225 finibus

295 1276 373 1299 esse
400 1268 619 1300 revocatum.
