1892 3007
1000 267 1079 302 108

416 395 557 441 spirant
590 399 773 440 mentem,
811 406 853 430 ac
886 396 1068 439 carmina,
1098 406 1193 441 quae
1220 394 1267 430 ad
1295 394 1448 430 alteram
1476 392 1666 441 periodum

415 470 598 516 pertinere
635 470 802 517 opinatus
830 472 905 514 est,
935 480 1002 505 nec
1030 469 1145 504 ullum
1173 472 1321 504 servant
1350 468 1545 514 vestigium
1569 479 1670 503 seve-

414 545 535 580 ritatis
557 548 594 580 et
608 545 759 591 doloris,
777 557 933 592 quorum
949 545 1098 581 alterius
1112 543 1251 592 periodi
1268 544 1431 580 carmina
1446 543 1554 591 plena
1569 536 1665 580 sunt.

471 620 640 665 Accedit,
665 621 762 668 quod
790 632 899 667 supra
927 620 1159 665 monuimus,
1189 631 1218 655 c.
1248 618 1296 655 11
1325 630 1399 655 non
1423 622 1509 655 ante
1530 630 1669 655 annum

415 694 494 730 699
530 706 610 731 esse
648 696 910 742 compositum,
945 698 981 730 et
1010 695 1121 741 igitur
1149 695 1196 730 ad
1226 694 1378 739 Catulli,
1408 695 1502 730 circa
1531 705 1670 730 annum

418 768 495 805 700
523 770 658 806 mortui
685 770 815 806 ultima
839 771 1003 806 carmina
1024 771 1233 825 vpertinen-m
1256 769 1397 805 accedit
1416 769 1548 805 deinde
1573 770 1671 817 quod

415 845 530 880 multa
562 846 745 891 carmina,
771 857 865 893 quae
893 846 922 881 F
924 846 1144 882 roehliehius
1172 846 1218 882 ad
1248 845 1418 881 Lesbiam
1433 845 1574 890 retulit,
1591 846 1663 881 for-

415 924 511 957 tasse
547 932 622 956 non
659 932 741 957 eam
780 922 998 969 respiciunt,
1037 933 1068 957 v.
1099 934 1132 969 g.
1168 933 1197 957 c.
1227 920 1299 966 13,
1329 933 1358 957 c.
1385 921 1457 966 43,
1488 932 1516 957 c.
1551 920 1622 966 70,
1652 931 1672 956 e

414 997 533 1043 prima
560 997 728 1043 periodo,
759 1008 804 1032 ex
833 997 948 1033 altera
977 1008 1061 1033 vero
1091 1009 1120 1033 c.
1151 997 1222 1042 38,
1253 1008 1282 1032 c.
1314 997 1386 1041 42,
1411 1009 1440 1033 c.
1468 996 1539 1039 91;
1567 1007 1671 1032 acce-

417 1070 471 1106 dit
512 1070 691 1119 denique,
735 1071 832 1119 quod
874 1083 1062 1107 summum
1101 1074 1175 1116 est,
1220 1070 1403 1106 Catullum
1444 1071 1545 1106 brevi
1587 1073 1672 1106 ante

415 1149 572 1181 mortem
602 1147 763 1182 libellum
795 1147 953 1183 edidisse
989 1151 1026 1182 et
1064 1148 1144 1183 luce
1168 1147 1301 1183 clarius
1326 1149 1381 1182 est
1403 1157 1509 1191 eum,
1534 1147 1565 1182 si
1588 1149 1673 1182 ante

415 1232 499 1257 cum
523 1220 654 1258 Lesbia
684 1222 721 1258 in
751 1222 907 1269 gratiam
932 1222 1119 1267 rediisset,
1148 1222 1210 1257 illa
1238 1222 1376 1257 famosa
1390 1221 1673 1268 epigrammata,

416 1297 549 1344 quibus
574 1298 721 1333 mulieri
750 1299 935 1345 quondam
964 1301 1109 1334 amatae
1137 1301 1312 1345 perpetua
1335 1298 1508 1344 stigmata
1531 1298 1672 1334 inusse-

424 1375 501 1416 rat,
531 1383 605 1408 non
629 1372 764 1420 publici
787 1372 883 1420 juris
911 1374 1093 1409 facturum
1121 1374 1232 1409 fuisse
1261 1384 1329 1409 nec
1353 1373 1400 1409 ad
1420 1373 1671 1420 posteritatem

415 1448 730 1483 transmissurum.
761 1447 882 1490 Quum
911 1448 1023 1495 igitur
1050 1448 1212 1484 libellum
1240 1448 1382 1493 ederet,
1412 1460 1483 1485 non
1508 1449 1671 1485 reconci-

414 1523 515 1559 liatio
538 1523 670 1559 Catulli
692 1535 776 1560 cum
802 1524 951 1569 Lesbia,
967 1524 1012 1559 de
1027 1535 1098 1571 qua
1114 1524 1296 1569 carmina,
1312 1535 1406 1571 quae
1420 1524 1670 1560 Froehlichius

415 1599 452 1634 in
489 1599 636 1635 tertiam
665 1599 857 1646 periodum
890 1599 1091 1646 congessit,
1120 1603 1254 1646 agunt,
1279 1600 1375 1635 facta
1399 1602 1486 1634 erat.
1519 1599 1599 1642 Qua
1627 1610 1666 1634 re

412 1686 478 1721 per
500 1685 540 1710 se
562 1677 663 1722 patet
685 1674 906 1710 Froehlichii
928 1675 1145 1711 divisionem
1168 1675 1384 1711 mendosam
1404 1686 1492 1710 esse.
1510 1674 1543 1709 A
1558 1685 1665 1722 scopo

416 1750 529 1796 igitur
571 1749 636 1785 Vir
677 1749 917 1785 Doctissimus
960 1749 1152 1786 aberravit.
1201 1749 1297 1785 Luce
1335 1750 1466 1785 clarius
1509 1750 1670 1785 ostendit

415 1825 602 1870 ordinem,
640 1825 679 1860 in
718 1836 791 1872 quo
819 1825 866 1860 ad
889 1836 956 1860 nos
980 1828 1227 1872 pervenerunt
1255 1826 1419 1861 earmina
1447 1824 1674 1870 Catulliana,

417 1912 491 1936 non
524 1901 570 1936 ab
608 1901 685 1948 ipso
722 1903 829 1948 poeta
867 1912 946 1936 esse
983 1901 1184 1948 profectum
1214 1904 1247 1946 ¹,
1286 1901 1349 1936 sed
1386 1901 1449 1937 ubi
1476 1901 1671 1949 pristinum

460 2028 467 2046 ¹
493 2027 648 2055 Caussam
671 2034 799 2064 quoque
824 2027 1049 2056 Froehlichius
1073 2015 1275 2062 perspexisse
1298 2026 1375 2055 mihi
1406 2027 1534 2056 videtur
1557 2028 1679 2063 pertur-

412 2088 478 2117 bati
508 2088 540 2117 in
570 2088 680 2117 libello
712 2088 895 2117 Catulliano
925 2089 1056 2118 ordinis.
1088 2089 1138 2117 Ad
1163 2089 1258 2117 metri
1279 2089 1363 2117 enim
1388 2096 1521 2117 nomam
1539 2089 1680 2118 earmina

411 2150 569 2186 disposita
591 2152 683 2187 sunt,
707 2152 740 2180 et
759 2151 806 2179 ita
826 2151 955 2187 quidem
980 2153 1014 2180 ut
1035 2151 1066 2180 in
1089 2152 1156 2180 tres
1178 2151 1299 2180 classes
1319 2151 1420 2180 dividi
1442 2151 1577 2187 possint.

449 2214 489 2241 1⁰.
513 2211 617 2241 Carm.
652 2213 667 2241 1
696 2213 736 2241 ad
766 2213 864 2249 LXI,
889 2220 972 2249 quae
1000 2213 1108 2242 omnia
1137 2213 1284 2242 versibus
1314 2213 1459 2242 iambicis
1480 2216 1536 2242 aut
1555 2215 1657 2242 metro
1674 2234 1682 2250 ,

410 2276 497 2313 quod
520 2283 592 2306 cuin
616 2275 656 2305 iis
679 2275 831 2305 cohaeret
854 2276 1035 2312 composita
1056 2277 1151 2306 sunt:

469 2348 498 2367 ιι.
522 2339 600 2375 XL,
623 2339 655 2367 in
686 2339 803 2375 quibus
832 2338 982 2368 Catullus
1011 2346 1090 2368 usus
1119 2340 1170 2368 est
1198 2338 1492 2376 hendecasyllabis:
1525 2343 1561 2376 1,
1584 2342 1619 2376 2,
1642 2341 1678 2377 3,

508 2400 543 2438 5,
566 2402 602 2439 6,
626 2401 661 2438 7,
684 2402 719 2438 9,
744 2401 799 2438 10,
824 2401 962 2437 12—16,
987 2401 1045 2438 21,
1068 2402 1124 2438 23,
1147 2402 1202 2438 24,
1225 2402 1365 2438 26-28,
1387 2402 1442 2438 32,
1466 2402 1521 2439 33,
1544 2391 1600 2439 35,
1622 2403 1680 2439 36,

507 2464 564 2501 38,
587 2464 726 2500 40—-43,
748 2464 887 2501 45—50,
910 2463 1040 2493 53—58.

467 2525 492 2553 b.
516 2525 596 2563 tria,
621 2533 704 2562 quae
727 2526 874 2555 versibus
901 2525 1046 2555 iambicis
1068 2525 1248 2560 composita
1268 2526 1344 2555 sunt
1366 2526 1531 2563 4,29,52.
1558 2526 1696 2563 (Quibus

508 2588 634 2618 aceedit
655 2596 684 2618 c.
706 2590 762 2627 20,
785 2589 871 2625 quod
894 2588 925 2617 in
951 2588 1059 2617 inultis
1082 2587 1279 2617 editionibus
1300 2594 1364 2617 non
1387 2587 1536 2624 legitur).
