1892 3007
987 213 1043 249 941

376 352 473 377 nem.
512 340 628 377 Multa
666 341 765 377 enim
799 341 949 386 insunt,
978 352 1072 388 quae
1111 340 1280 376 animum
1310 340 1455 377 lectoris
1483 352 1523 376 re
1550 351 1636 376 vera

376 420 535 453 movent.
566 417 671 459 Quod
701 417 799 453 enim
828 417 875 452 ad
904 429 964 452 me
992 417 1143 462 attinet,
1171 417 1350 452 reveritus
1365 416 1503 453 Attinis
1517 416 1632 452 animi

376 492 611 539 religionem,
649 493 760 528 semel
799 492 1007 540 iterumque
1044 504 1192 528 carmen
1231 492 1356 539 legens
1384 492 1633 529 misericordia

376 571 501 615 captus
525 581 627 613 sum,
656 581 769 616 quum
798 570 919 604 furore
948 570 1107 615 agitatus
1136 569 1288 605 comites
1316 569 1363 604 ad
1378 568 1633 604 celebrandam

375 644 547 691 Magnam
575 645 729 681 Matrem
757 645 933 680 excitaret
961 648 998 680 et
1026 645 1202 691 gauderet
1224 655 1340 691 paene
1369 644 1467 691 quod
1501 644 1632 680 vulnus

376 720 445 762 sibi
486 721 699 764 inflixisset;
742 720 991 756 misericordia
1036 723 1158 756 motus
1199 732 1302 766 sum,
1351 731 1463 766 quum
1515 731 1633 755 moes-

376 798 433 831 tas
466 796 546 831 illas
582 795 704 831 audivi
744 796 930 842 querelas,
969 795 1101 843 quibus
1136 795 1295 842 patriam
1331 795 1521 831 adlocutus
1558 798 1633 839 est,

376 871 582 919 quibusque
619 874 744 907 mente
781 883 824 907 ea
867 871 1038 916 recoluit,
1076 882 1171 918 quae
1206 874 1315 907 antea
1353 872 1519 917 fuerant,
1557 874 1634 906 tam

375 948 484 994 longe
519 948 664 984 diversa
700 960 721 983 a
760 948 893 984 misero
931 951 1050 993 statu,
1081 960 1153 995 quo
1182 960 1282 984 nunc
1308 960 1347 984 se
1376 948 1414 984 in
1442 947 1634 996 peregrina

377 1026 476 1058 terra
505 1024 675 1059 relictum
713 1025 875 1059 sentiret.
906 1024 953 1059 Et
987 1035 1211 1071 quamquam
1250 1036 1325 1059 non
1363 1024 1512 1059 omnino
1550 1035 1633 1059 cum

379 1099 526 1134 Jacobio
551 1099 665 1144 facio,
690 1099 751 1145 qui
762 1098 888 1145 jubet”
909 1099 1078 1145 “glaubig
1093 1100 1555 1146 einzustimmen”,preces
1570 1098 1633 1134 ad-

377 1174 464 1209 dere
505 1177 635 1220 poetae
673 1174 862 1220 precibus,
906 1174 1038 1221 quibus
1078 1177 1186 1221 poeta
1228 1174 1340 1209 finem
1381 1174 1536 1209 carmini
1564 1174 1633 1208 im·

378 1250 519 1296 posuit,
561 1253 686 1285 tamen
730 1250 796 1285 hos
835 1262 980 1297 quoque
1020 1262 1146 1286 versus
1175 1251 1237 1297 qui
1266 1251 1382 1285 animi
1411 1261 1537 1285 revera
1566 1248 1635 1296 Cy-

376 1326 475 1361 beles
512 1326 605 1361 iram
644 1329 754 1373 atque
788 1327 950 1362 furorem
984 1326 1168 1371 timentis,
1207 1326 1313 1361 deam
1351 1329 1475 1361 tamen
1518 1326 1634 1371 ipsam

376 1402 436 1449 pie
491 1403 692 1438 reverentis
746 1402 1039 1438 testimmonium
1083 1403 1224 1447 ferunt,
1279 1402 1543 1449 pulcherrimos
1599 1404 1635 1436 et

377 1489 459 1513 eam
495 1489 643 1525 precem
681 1478 715 1513 ei
753 1478 830 1514 loco
877 1479 1027 1514 omnino
1071 1478 1280 1525 adaptatam
1325 1489 1465 1513 censeo.
1508 1477 1631 1513 Placet

377 1564 542 1599 quoque,
590 1553 688 1599 quod
733 1554 992 1600 antiquitatem
1039 1554 1154 1600 spirat
1194 1556 1312 1589 totum
1355 1564 1524 1598 carmen,
1566 1553 1633 1588 im-

375 1629 504 1675 primis
532 1629 577 1664 iis
604 1628 787 1675 partibus,
825 1629 888 1664 ubi
916 1629 961 1664 de
990 1629 1116 1665 Attine
1145 1632 1289 1674 narrat,
1324 1640 1398 1664 non
1422 1632 1546 1664 tamen
1575 1629 1636 1664 hic

376 1704 453 1751 ipse
475 1704 647 1750 loquitur.
677 1704 827 1740 Insolito
857 1705 965 1741 modo
990 1705 1102 1741 verba
1125 1704 1398 1751 conjunguntur
1419 1707 1462 1740 ut
1490 1704 1635 1740 “terrae

377 1778 501 1822 sola'';
538 1780 785 1826 antiquiores,
831 1781 1044 1827 antiquatae
1089 1782 1164 1816 fere
1209 1781 1347 1816 formae
1382 1782 1632 1827 proferuntur:

383 1853 537 1890 “tetulit
548 1856 580 1899 ‚'’
611 1854 783 1903 “pepulit
793 1856 824 1901 ,'’
863 1856 1022 1891 rusum.’'
1053 1855 1205 1891 Accedit
1233 1856 1341 1891 metri
1370 1856 1443 1901 vis,
1471 1856 1531 1891 hic
1557 1855 1634 1890 len-

378 1931 502 1975 tioris,
536 1931 611 1967 illic
639 1932 896 1968 incitatissimi.
934 1932 1035 1974 Quae
1064 1933 1187 1968 omnia
1224 1932 1254 1968 si
1290 1932 1384 1967 bene
1411 1932 1634 1979 perpendas,

376 2007 455 2042 sine
492 2006 603 2043 dubio
638 2007 832 2054 pulchrum
860 2008 930 2043 hoc
958 2019 1106 2044 carmen
1137 2007 1342 2055 judicabis,
1378 2007 1632 2054 censebisque,

377 2083 408 2117 si
446 2083 492 2118 de
530 2082 672 2118 Catullo
710 2084 802 2119 nihil
850 2084 921 2119 nisi
959 2084 1029 2119 hoc
1074 2095 1189 2119 unum
1225 2095 1374 2119 carmen
1411 2087 1635 2131 superesset,

377 2159 454 2193 fore
491 2161 532 2193 ut
570 2158 667 2194 solus
706 2158 803 2194 Attis
831 2159 1012 2203 efficeret,
1042 2162 1083 2193 ut
1109 2162 1237 2206 poetae
1275 2171 1410 2195 nomen
1447 2160 1528 2206 plus
1561 2172 1635 2195 uno

378 2237 545 2269 maneret
566 2245 727 2281 perenne
744 2235 850 2270 seclo.
869 2234 917 2270 At
941 2235 1056 2270 multa
1080 2238 1204 2270 tamen
1231 2235 1470 2282 vituperanda
1487 2247 1632 2283 quoque

375 2310 414 2344 in
438 2310 507 2346 hoc
531 2310 694 2345 carmine
719 2310 898 2345 videntur.
925 2310 1098 2346 Miseram
1118 2311 1219 2346 illam
1244 2311 1448 2347 doctrinam
1473 2312 1532 2347 hic
1556 2312 1630 2347 illic

377 2385 560 2422 affectavit
587 2389 714 2433 poeta,
742 2386 805 2421 ubi
843 2386 964 2422 nullus
993 2387 1057 2422 tali
1094 2387 1148 2422 rei
1186 2387 1285 2423 locus
1326 2391 1413 2424 erat.
1445 2386 1505 2423 Sic
1546 2389 1636 2424 mihi

377 2473 524 2509 prorsus
549 2462 716 2510 displicet
740 2463 968 2498 enumeratio
993 2463 1158 2498 omnium
1182 2475 1325 2508 rerum,
1351 2476 1444 2512 quae
1469 2464 1507 2500 in
1523 2465 1635 2501 sacris

379 2537 531 2586 Cybeles
560 2537 641 2573 fieri
670 2537 836 2573 solebant
865 2538 933 2585 (vs.
967 2538 992 2573 4
1021 2538 1117 2585 sqq).
1147 2538 1228 2574 Non
1260 2540 1428 2575 convenit
1455 2552 1536 2575 cum
1569 2541 1635 2576 At-
