1892 3007
792 227 842 261 93

188 356 294 388 tenus
332 365 411 388 esse
449 354 601 399 fingitur
628 355 774 388 furenti.
806 353 847 388 In
877 365 947 399 qua
978 365 1018 388 re
1053 353 1189 399 aliquid
1228 354 1301 389 veri
1331 354 1437 388 inest.

187 426 299 462 Poeta
323 428 420 462 enim
434 455 443 472 ‚
470 429 527 463 cui
554 428 636 463 licet
660 428 887 463 narrationes
911 438 1034 462 rerum
1059 437 1132 462 non
1161 430 1345 473 gestarum
1368 427 1437 461 fin-

186 513 270 546 gere
284 506 321 537 et
336 503 441 548 quasi
466 514 570 538 veras
593 514 812 549 proponere,
837 514 944 549 saepe
969 506 1004 537 et
1027 515 1069 537 ea
1093 504 1190 539 facta
1216 514 1295 537 esse
1309 502 1432 547 fingit,

185 587 278 623 quae
306 588 379 612 non
411 576 489 613 fieri
527 579 745 624 potuerunt,
782 579 845 612 aut
882 578 912 612 si
950 577 1154 625 potuerint,
1190 580 1313 612 tamen
1351 587 1435 611 raro

184 654 279 687 facta
317 656 413 688 sunt.
453 653 545 687 Illud
574 654 612 687 in
631 653 771 688 'fabulis
809 653 1005 688 videndum
1035 657 1108 695 est3
1138 654 1208 688 hoc
1245 654 1282 688 in
1311 656 1435 688 nostro

183 728 404 775 conspicitur
434 728 606 763 carmine.
651 727 791 763 Catullo
833 730 901 764 aut
939 739 1046 774 quem
1091 727 1271 763 Graecum
1314 728 1434 765 imita-

183 805 241 837 tus
265 806 341 846 est,
365 803 402 837 id
430 803 601 848 contigit,
627 803 723 848 quod
752 814 825 837 non
849 803 966 837 solum
992 807 1202 838 nostrorum
1226 807 1432 849 temporum

183 877 410 922 hominibus,
435 878 499 913 sed
523 877 631 912 etiam
646 905 654 921 ,
680 878 828 924 opinor,
853 877 1070 924 aequalibus
1091 878 1299 922 insolitum,
1319 877 1432 912 immo

180 951 435 986 difficillimum
464 955 577 994 esset,
606 955 647 985 ut
676 952 726 986 ita
751 963 833 986 cum
860 951 987 987 Attine
1011 955 1175 986 sanctam
1201 952 1352 987 sentiret
1375 963 1432 986 ra—

179 1026 296 1071 biem,
322 1027 373 1062 ita
397 1026 442 1062 de
458 1026 595 1062 Attinis
610 1027 743 1062 misero
768 1027 840 1062 fato
859 1026 1021 1073 cogitans
1036 1027 1158 1063 surore
1174 1026 1332 1074 quodam
1347 1038 1432 1073 poe-

180 1102 251 1136 tico
290 1102 549 1147 corriperetur,
587 1105 628 1135 ut
669 1102 895 1136 sacerdotem
938 1102 1110 1148 Cybelem
1156 1103 1215 1147 pie
1234 1119 1236 1122 ·
1252 1103 1430 1137 colentem

182 1175 323 1223 sibique
352 1176 419 1223 ipsi
449 1176 495 1211 ob
523 1188 604 1211 eam
633 1187 797 1211 caussam
823 1177 896 1211 vim
932 1177 1148 1212 inferentem
1186 1177 1289 1223 quasi
1320 1177 1431 1212 oculis

178 1252 416 1296 conspexerit.
447 1250 564 1292 Quem
595 1263 707 1296 quum
736 1251 898 1285 versibus
940 1251 1211 1297 descripsisset,
1254 1263 1327 1286 non
1369 1263 1432 1297 po-

176 1325 264 1366 tuit,
309 1326 396 1371 quin
435 1326 681 1361 misericordia
720 1325 802 1360 talis
851 1326 1045 1361 miserrimi
1097 1326 1160 1360 fati
1218 1329 1424 1372 permotus,

177 1400 328 1435 adderet
371 1401 556 1447 querelas,
611 1412 722 1448 quas,
766 1413 878 1447 quum
922 1402 1025 1438 furor
1074 1404 1196 1436 mente
1244 1401 1428 1445 cessisset,

177 1476 302 1511 infelix
354 1476 412 1511 ille
466 1476 510 1511 de
561 1476 671 1511 flebili
723 1488 894 1523 corporus
942 1480 1038 1512 statu
1080 1477 1274 1511 emitteret.
1328 1476 1426 1517 Quas

174 1554 297 1586 tamen
345 1552 475 1599 impias
523 1563 600 1587 esse
646 1564 765 1599 neque
813 1564 1012 1599 congruere
1061 1552 1225 1598 religioni
1275 1552 1428 1598 Magnae

175 1627 291 1671 Deae,
329 1639 371 1662 eo
411 1628 675 1663 ostendendum
715 1640 794 1663 esse
823 1629 982 1672 censuit,
1022 1631 1062 1662 ut
1091 1628 1302 1674 depingeret
1332 1628 1426 1662 Atti-

175 1704 231 1738 nis
269 1704 307 1738 in
343 1715 492 1739 nemora
521 1704 689 1739 reditum.
733 1703 792 1739 Sic
827 1705 901 1750 ipse
939 1707 1064 1750 poeta,
1104 1715 1216 1750 quum
1256 1704 1426 1739 sensisset

173 1779 297 1814 animo
334 1777 533 1815 terribilem
574 1779 669 1814 illius
706 1779 836 1814 furoris
874 1779 968 1822 vim,
1006 1778 1111 1813 deam
1148 1782 1314 1825 precatus
1351 1782 1425 1823 est,

173 1858 212 1888 ut
251 1854 339 1889 alios
376 1854 544 1889 incitatos
582 1858 727 1900 ageret,
765 1866 784 1888 a
822 1866 861 1889 se
889 1857 1011 1889 autem
1040 1854 1163 1900 procul
1200 1855 1269 1889 ista
1306 1854 1424 1890 rabies

175 1928 325 1964 abesset.
365 1928 435 1964 Sed
474 1929 546 1964 vim
576 1929 653 1964 eius
682 1929 832 1964 affectus
861 1931 966 1975 poeta
1001 1928 1155 1963 senserit
1184 1928 1285 1972 licet,
1313 1928 1423 1963 lecto-

174 2016 232 2039 res
270 2016 389 2050 neque
428 2005 615 2051 aequales,
656 2016 773 2050 neque
811 2005 1025 2051 posteriores
1064 2005 1141 2039 fieri
1179 2005 1253 2039 fere
1286 2007 1422 2050 potest,

173 2084 214 2116 ut
251 2081 412 2117 sentiant
449 2093 602 2128 quoque.
657 2080 702 2116 Et
740 2080 774 2116 id
827 2084 948 2115 tamen
1003 2080 1138 2122 summi
1179 2082 1306 2127 poetae
1348 2084 1421 2125 est,

173 2161 213 2192 ut
241 2147 511 2202 ⁴argumentum
550 2160 586 2191 et
635 2158 749 2199 ratio,
798 2167 870 2202 qua
926 2139 1194 2202 argumentum
1235 2157 1421 2200 tractavit,

173 2233 222 2268 ita
251 2235 458 2279 comparata
488 2232 578 2275 sint,
609 2234 648 2266 ut
679 2231 829 2267 lectores
858 2243 1023 2279 quoque,
1053 2243 1164 2278 quum
1194 2231 1315 2278 legant
1344 2243 1420 2267 car-

173 2319 277 2351 men,
316 2307 443 2342 eodem
481 2307 594 2341 animi
632 2310 732 2341 motu
772 2307 1033 2353 percellantur,
1073 2318 1144 2352 quo
1183 2307 1277 2352 ipse,
1306 2319 1418 2352 quum

171 2387 414 2431 componeret.
453 2383 547 2419 Huic
584 2383 653 2430 legi
692 2395 763 2419 non
802 2383 1010 2419 satisfacere
1040 2382 1170 2418 Catulli
1208 2394 1337 2430 poema
1374 2394 1417 2418 ex

172 2461 235 2504 iis,
283 2471 377 2506 quae
415 2470 523 2505 supra
562 2459 657 2503 dixi,
697 2462 816 2505 patet,
861 2462 1023 2494 attamen
1066 2459 1172 2503 longe
1214 2458 1334 2502 abest,
1378 2462 1418 2493 ut

168 2548 249 2572 eam
287 2537 333 2572 ob
371 2547 535 2572 caussam
574 2538 690 2571 totum
729 2548 818 2582 opus
848 2539 1079 2571 contemnam
1108 2538 1218 2582 atque
1247 2535 1417 2571 condem-
