1892 3007
934 219 986 254 56

331 344 549 390 artificiosa,
583 347 659 380 tam
688 345 828 390 fucata,
862 348 939 381 tam
967 346 1136 382 affectata
1163 347 1348 393 videntur,
1376 351 1418 383 ut
1446 349 1592 395 egregia

332 421 460 463 nostri
482 424 612 468 poetae
635 420 847 467 jucunditas
875 422 912 456 in
942 422 986 458 iis
1013 434 1160 469 prorsus
1194 423 1431 459 desideretur.
1457 423 1593 466 Quam—

333 495 459 531 obrem
497 496 652 531 minime
699 496 896 531 dolendum
935 497 1091 532 arbitror
1138 509 1210 533 non
1255 498 1370 533 multa
1416 498 1594 545 ejusmodi

333 572 515 617 carmina,
547 571 651 608 docta
682 572 829 619 quidem
859 575 896 608 et
922 572 1123 619 laboriosa,
1152 577 1190 610 at
1217 577 1313 611 certe
1341 586 1415 611 non
1442 575 1593 622 pulchra

336 647 519 683 Catullum
548 648 804 695 composuisse.

390 724 562 772 Iniquum
586 728 711 761 tamen
731 724 911 771 judicium
935 729 1101 762 nostrum
1128 730 1241 771 esset,
1266 727 1295 762 si
1310 727 1405 763 bona
1421 728 1594 763 nonnulla

334 801 478 836 silentio
508 801 809 847 praeteriremus,
839 812 932 847 quae
960 801 998 835 in
1026 802 1095 836 hoc
1125 787 1269 848 quoque
1298 803 1459 837 carmine
1492 814 1594 849 repe-

335 878 492 920 riuntur.
524 878 690 913 Primum
726 877 875 924 quidem
899 878 930 913 si
952 879 1325 925 comparamustria,
1349 890 1442 925 quae
1471 891 1595 926 super-

336 956 422 987 sunt
461 954 666 999 fragmenta
705 964 788 987 cum
818 953 881 997 iis,
910 964 1004 999 quae
1032 954 1070 987 in
1101 952 1232 988 Catulli
1262 954 1377 1000 elegia
1404 954 1595 1000 leguntur,

336 1030 461 1065 statim
486 1032 636 1076 apparet
660 1033 806 1076 poetam
831 1032 1019 1074 accurate,
1044 1041 1112 1065 nec
1135 1033 1259 1065 tamen
1283 1030 1392 1065 modo
1407 1042 1429 1065 a
1444 1030 1596 1065 Latinae

337 1105 483 1151 linguae
511 1105 658 1154 ingenio
687 1104 825 1150 alieno,
856 1104 1070 1140 Callimachi
1100 1116 1247 1140 carmen
1276 1105 1487 1141 reddidisse.

393 1182 556 1223 Quorum
594 1182 883 1227 fragmentorum
921 1193 1037 1216 unum
1065 1193 1086 1216 a
1116 1181 1317 1216 Scholiasta
1353 1182 1455 1216 Arati
1494 1164 1597 1216 nobis

337 1259 522 1293 servatum
548 1258 622 1301 est,
646 1256 708 1291 ubi
732 1258 859 1291 narrat
879 1267 1022 1303 sparsas
1046 1255 1239 1292 nonnullas
1260 1256 1306 1292 ad
1322 1256 1482 1303 Virginis
1497 1256 1596 1292 sidus

339 1334 462 1369 stellas
472 1362 481 1378 ,
498 1345 591 1379 quae
606 1345 648 1369 eo
662 1345 779 1379 usque
794 1334 944 1368 nomine
959 1336 1151 1371 caruerant
1161 1360 1170 1376 ,
1188 1344 1209 1367 a
1225 1332 1374 1368 Conone
1388 1333 1426 1368 in
1442 1333 1596 1378 gratiam

341 1409 539 1445 Ptolemaei
566 1408 770 1455 Euergetae
797 1408 1016 1444 “Berenices
1032 1407 1182 1444 Comam
1199 1408 1310 1444 fuisse
1324 1408 1542 1456 appellatas''
1563 1404 1569 1422 ¹
1590 1419 1596 1442 :

560 1517 625 1553 “'H
651 1533 690 1565 με
715 1519 821 1553 Κόνων
846 1518 973 1566 ἔβλεψεν
999 1521 1029 1552 ἐν
1054 1521 1120 1567 ἠέρι
1144 1519 1197 1553 τὸν
1222 1521 1375 1566 Βερενίκης

608 1592 808 1639 Βόστρυχον,
834 1592 867 1624 ’ὃν
893 1593 972 1628 κείνη
1000 1590 1075 1625 'trio'
1100 1593 1232 1627 ἀνέθηκε
1255 1590 1372 1629 θεοῖς.”

399 1702 499 1744 Quae
529 1701 693 1738 Catullus
721 1701 771 1736 ita
800 1700 960 1736 reddidit
988 1712 1038 1736 vs.
1071 1699 1092 1735 7
1121 1712 1194 1747 sq.:

525 1813 635 1843 “Idem
657 1820 708 1842 me
732 1813 788 1842 ille
811 1812 923 1841 Conon
946 1812 1079 1841 caelesti
1101 1812 1134 1841 in
1156 1811 1276 1841 lumine
1300 1811 1406 1840 vidit2

565 1875 612 1904 “E
637 1874 815 1905 Bereniceo
839 1876 963 1904 vertice
984 1874 1176 1912 caesariem,

525 1938 739 1975 “Fulgentem
762 1938 865 1975 clare,
888 1944 984 1974 quam
1005 1936 1131 1966 cunctis
1153 1936 1208 1965 illa
1229 1936 1360 1965 deorum

567 2001 692 2030 “Levia
714 2001 911 2037 protendens
932 1999 1064 2029 brachia
1085 1999 1230 2035 pollicita
1250 1997 1331 2028 est.''

384 2135 390 2153 ¹
416 2131 475 2162 cff.
507 2130 621 2160 Theon
650 2130 691 2159 ad
713 2130 806 2159 Arati
828 2129 952 2159 Phaen.
976 2138 1005 2158 v.
1030 2130 1096 2158 146.
1120 2128 1296 2165 Valcken.,
1317 2136 1348 2164 p.
1371 2128 1427 2165 43,
1448 2136 1479 2164 p.
1503 2128 1541 2157 79
1563 2135 1609 2164 sq.

341 2194 488 2224 Bosscha
509 2202 539 2230 p.
564 2195 611 2222 17.

381 2258 392 2277 ²
415 2256 475 2286 Uti
495 2255 649 2291 scriptum
670 2256 719 2284 est
742 2254 773 2283 in
793 2254 1015 2283 recentissima
1043 2253 1163 2283 Catulli
1193 2253 1351 2290 editione,
1381 2252 1484 2282 altera
1506 2252 1612 2287 Haup-

340 2320 430 2348 tiana
464 2319 596 2356 (1861),
626 2319 720 2354 cujus
749 2318 854 2347 editor
880 2318 932 2353 (Q.
954 2317 990 2346 C.
1012 2325 1042 2353 p.
1065 2317 1119 2352 80)
1148 2317 1188 2345 de
1210 2316 1271 2346 hoc
1299 2316 1370 2345 loco
1392 2316 1543 2350 corrupto
1566 2315 1613 2343 ita

342 2382 437 2411 dicit:
470 2381 546 2410 “sed
574 2388 594 2409 a
622 2379 881 2416 depravatissimi
910 2379 998 2408 illius
1027 2386 1141 2408 versus
1163 2377 1388 2408 emendatione
1409 2384 1541 2414 prorsus
1562 2383 1612 2405 me

345 2444 526 2482 “abstineo,
548 2451 589 2473 ne
612 2451 742 2480 operam
764 2442 887 2479 pariter
908 2442 1056 2480 perdam,
1085 2449 1123 2471 ae
1144 2441 1355 2477 perdiderunt
1375 2439 1480 2469 adhuc
1503 2446 1613 2468 omnes

345 2506 581 2544 “grammatici,
610 2512 717 2543 neque
742 2505 795 2535 hic
821 2504 972 2534 “caelesti
995 2504 1027 2533 in
1049 2502 1190 2533 lumine''
1212 2510 1324 2533 verum
1349 2509 1420 2532 esse
1442 2502 1613 2537 praestem.

345 2569 446 2599 “Nam
468 2569 523 2607 qui
545 2568 650 2606 possit
671 2576 710 2599 ea
731 2575 783 2598 res
803 2567 926 2605 liquido
952 2564 1178 2607 confirmari?n
