1892 3007
959 267 1011 302 48

355 392 544 429 oblocutus
582 396 639 430 est
679 393 745 429 Vir
787 393 1019 429 Clarissimus
1061 392 1222 428 Bosscha
1262 394 1273 414 ¹
1286 420 1295 437 ,
1329 392 1391 439 qui
1429 391 1615 427 contendit

356 469 559 505 Berenicen
583 481 735 506 uxorem
760 472 926 515 tantum,
949 480 1024 505 non
1053 479 1215 505 sororem
1245 479 1390 516 quoque
1414 463 1614 504 Ptolemaei

356 543 559 592 Eum-getae
585 544 708 581 fuisse.
738 544 832 581 Rem
861 544 913 580 ita
938 544 1144 592 proposuit:
1175 543 1284 580 “imit
1304 543 1367 581 illa
1391 555 1465 580 non
1491 542 1611 579 Ptole-

355 621 474 656 “maei
510 620 546 656 II
582 621 639 656 vel
667 620 897 668 Philadelphi
922 620 987 656 sed
1014 619 1161 667 Magae,
1198 620 1422 667 Cyrenaicae
1448 618 1547 666 regis
1575 622 1612 655 et

355 694 555 731 “Arsinoes
573 695 669 740 filia,
694 706 715 731 a
738 698 841 743 patre
860 695 1079 742 desponsata
1095 684 1295 731 Ptolemaei
1312 695 1437 730 fratris
1452 705 1609 741 quocum

355 770 441 805 “diu
472 770 689 815 bellaverat,
727 771 822 815 mio,
860 775 902 806 ut
936 771 989 807 sic
1017 771 1262 807 certaminum
1287 770 1371 806 finis
1400 772 1508 806 esset.
1540 768 1613 805 Sed

354 847 458 894 “post
492 844 621 893 Magae
658 848 818 883 mortem
857 845 1014 882 Arsinoe
1042 848 1180 891 mater,
1219 856 1292 893 qua
1320 845 1436 882 invita
1464 846 1612 893 sponsio

355 923 458 956 “erat
479 922 595 967 facta,
620 922 715 957 clam
735 922 838 958 misit
852 922 899 957 ad
914 922 1163 967 Demetrium,
1187 922 1364 958 Demetrii
1385 921 1611 957 Poliorcetae

355 996 513 1041 “filium,
541 999 583 1032 ut
611 1008 695 1033 cum
723 996 799 1033 filia
826 1008 940 1044 regno
966 995 1166 1045 Cyrenaico
1192 997 1381 1045 potiretur.
1411 996 1521 1033 Venit
1541 995 1612 1032 De-

355 1072 530 1107 “metrius
569 1075 607 1107 et
643 1073 755 1107 matri
792 1073 929 1119 magis,
973 1084 1083 1120 quam
1121 1073 1218 1108 filiae
1256 1072 1399 1119 placere
1440 1072 1612 1116 studens,

357 1147 549 1195 “superbia
577 1159 643 1186 sua
675 1148 835 1184 militum
864 1160 908 1184 ac
935 1148 1057 1196 populi
1086 1148 1229 1184 animos
1252 1148 1304 1184 ita
1326 1159 1348 1184 a
1363 1158 1402 1184 se
1425 1147 1612 1192 alienavit,

358 1224 422 1258 “ut
445 1222 697 1269 conjuratione
713 1223 804 1258 inita
817 1234 1051 1270 percussores
1066 1224 1354 1259 immitterentur
1369 1223 1407 1259 in
1422 1222 1592 1267 conclave
1603 1250 1612 1267 ,

356 1298 440 1333 “ubi
479 1310 563 1334 cum
602 1297 759 1334 Arsinoe
796 1298 965 1334 cubabat.
1005 1297 1123 1345 Hujus
1162 1297 1424 1345 conjurationis
1468 1297 1612 1334 conscia

356 1374 525 1420 “quoque
561 1373 630 1408 fuit
666 1373 862 1418 Berenice,
901 1384 995 1420 quae
1022 1376 1124 1409 stans
1153 1374 1199 1409 ad
1227 1374 1322 1409 fores
1345 1372 1611 1420 praecipiebat,

355 1451 419 1484 “ut
461 1449 571 1484 matri
613 1451 844 1496 parceretur,
893 1450 946 1485 sic
987 1448 1086 1485 salva
1127 1449 1264 1496 pietate
1305 1449 1433 1485 matris
1481 1452 1605 1496 stupra

355 1524 555 1560 “ulciscens
572 1527 609 1560 et
624 1525 661 1560 in
677 1524 912 1560 matrimonio
926 1524 1112 1560 sortiendo
1126 1525 1241 1571 patris
1251 1524 1437 1571 judicium
1451 1526 1609 1560 secuta.”

355 1599 408 1635 Cf.
434 1600 599 1635 Justinus
623 1599 764 1644 XXVI,
789 1599 824 1635 3.
851 1599 956 1641 Quod
979 1600 1116 1636 factum
1137 1599 1382 1636 Callimachus
1397 1602 1433 1635 et
1447 1599 1610 1635 Catullus

355 1678 481 1712 nostro
511 1675 675 1711 carmine
704 1674 890 1710 celebrant
916 1686 968 1710 vs.
998 1674 1048 1710 27
1077 1686 1138 1721 sq:

470 1771 583 1800 “Anne
606 1770 724 1800 bonum
746 1770 847 1800 oblita
869 1778 904 1800 es
925 1770 1066 1804 facinus,
1090 1779 1154 1808 quo
1176 1770 1301 1807 regium
1324 1771 1441 1807 adepta
1463 1779 1499 1801 es

601 1839 812 1877 conjugium,
836 1846 899 1876 quo
921 1846 985 1868 non
1007 1839 1123 1868 fortius
1145 1839 1231 1869 ausit
1248 1839 1355 1869 alis?'’

410 1940 515 1976 Hanc
544 1941 754 1987 opinionem
772 1939 851 1986 jam
875 1943 961 1975 ante
983 1941 1166 1987 professus
1189 1943 1268 1976 erat
1292 1940 1383 1987 Uglo
1407 1940 1556 1976 Foscolo
1573 1941 1609 1976 in

354 2016 480 2052 Italica
509 2016 556 2051 de
583 2016 653 2050 hac
676 2015 792 2062 elegia
814 2015 1089 2060 dissertatione,
1113 2014 1215 2062 cujus
1239 2015 1396 2063 epitome
1417 2014 1550 2062 legitur
1572 2016 1609 2051 in

353 2090 512 2126 editione
555 2089 707 2134 Catulli,
751 2100 864 2136 quam
901 2090 1041 2125 curavit
1078 2090 1134 2125 vir
1172 2089 1224 2125 Cl.
1263 2089 1427 2134 Naudet,
1463 2090 1547 2124 inde
1589 2101 1610 2124 a

351 2176 431 2212 pag.
461 2164 540 2200 605
557 2166 582 2200 ².
612 2164 693 2212 Ipse
719 2167 845 2212 poeta,
875 2164 972 2212 quod
995 2167 1032 2200 et
1046 2164 1196 2200 Foscolo
1211 2164 1404 2209 indicavit,
1418 2165 1457 2200 in
1472 2176 1514 2200 eo
1529 2164 1610 2200 Jus-

353 2240 431 2275 tino
467 2239 654 2276 adversari
693 2239 856 2285 videtur,
894 2239 991 2286 quod
1027 2238 1141 2275 Coma
1179 2239 1430 2276 Ptolemaeum
1458 2240 1608 2275 fratrem

352 2316 441 2351 dicit
470 2315 664 2351 Berenices
692 2327 742 2351 vs.
774 2315 836 2351 22.
866 2314 983 2357 Quam
1007 2326 1086 2351 rem
1111 2314 1190 2361 jam
1219 2315 1307 2351 olim
1336 2315 1477 2350 notavit
1499 2314 1617 2354 Wesa

387 2458 394 2476 ¹
418 2455 598 2484 Tentamen
621 2454 777 2484 criticum
799 2455 832 2484 in
853 2455 1080 2485 constituendo
1104 2456 1138 2484 et
1160 2454 1350 2492 exponendo
1371 2456 1519 2491 poemate
1540 2454 1610 2484 Cal-

343 2516 476 2546 limachi
500 2516 702 2554 catuniano,
725 2523 786 2546 scr.
809 2517 847 2546 P.
871 2516 1023 2556 Bosscha.
1048 2525 1078 2553 p.
1100 2519 1129 2546 4.

386 2581 398 2600 ἔ
420 2579 469 2607 Of.
491 2579 536 2608 ibi
559 2587 588 2615 p.
611 2579 681 2608 612.
