1892 3007
280 715 819 779 QUAESTIONES
873 718 1368 779 CATULLIANA
1393 721 1444 781 E.

550 1093 794 1137 CAPUT
839 1094 1167 1141 PRIMUM.

501 1372 560 1397 DE
601 1372 942 1398 PRAENOMINE
982 1373 1217 1399 CATULLI.

295 1481 349 1517 De
400 1483 638 1529 praenomine
677 1487 806 1529 poetae
848 1486 1094 1520 controversia
1135 1488 1209 1529 est,
1251 1484 1480 1531 multumque

233 1557 300 1593 viri
341 1557 437 1593 docti
476 1558 770 1605 disputaverunt,
808 1562 931 1595 utrum
962 1558 1040 1605 Caji
1077 1570 1123 1594 an
1166 1559 1291 1602 Quinti
1329 1560 1478 1595 nomine

234 1633 434 1680 appellatus
476 1634 533 1669 sit.
577 1633 646 1675 Qui
685 1634 949 1681 perhibuerunt
987 1634 1064 1681 Caii
1102 1632 1236 1670 nomen
1275 1636 1307 1670 ei
1346 1635 1477 1679 fuisse,

236 1707 430 1755 Apulejum
458 1711 588 1744 testem
627 1709 785 1744 citarunt
824 1712 860 1744 et
897 1709 1173 1757 Hieronymum.
1203 1709 1365 1752 Quorum
1393 1721 1478 1744 auc-

233 1783 380 1818 toritate
410 1783 516 1818 nixus
554 1784 703 1819 Vossius
738 1795 811 1819 non
838 1784 1017 1820 dubitavit
1043 1785 1246 1830 affirmare,
1277 1785 1371 1820 male
1399 1796 1476 1820 rem

233 1859 387 1904 gessisse
424 1859 618 1906 Josephum
658 1859 836 1906 Scaliger,
866 1861 927 1907 qui
956 1862 1171 1896 auctoritate
1200 1861 1332 1896 codicis
1361 1860 1477 1906 cujus-

233 1934 317 1968 dam
365 1933 552 1980 Cujaciani
594 1939 800 1982 permotus,
847 1939 883 1971 et
929 1940 970 1971 ut
1017 1936 1281 1983 conjecturam,
1326 1948 1397 1983 qua
1440 1937 1476 1971 in

232 2010 392 2044 carmine
434 2009 512 2044 67ยน
559 2014 764 2057 corruptam
808 2011 1006 2046 admodum
1047 2012 1238 2047 lectionem
1282 2011 1478 2046 emendare

231 2088 382 2120 conatus
410 2086 792 2131 esset,confirmaret,
820 2086 858 2121 in
888 2098 953 2122 sua
982 2086 1142 2122 editione
1165 2086 1297 2129 'Quinti
1325 2098 1477 2134 praeno-

230 2171 314 2194 men
342 2164 469 2206 poetae
498 2161 665 2196 dedisset.

258 2234 431 2280 Plurimi,
474 2236 536 2283 qui
586 2239 710 2284 postea
764 2236 945 2273 Catullum
990 2237 1182 2273 ediderunt
1222 2249 1306 2273 cum
1348 2237 1476 2273 Vossio

230 2311 413 2356 feoemnt,
438 2312 554 2347 donec
577 2313 712 2348 nostris
735 2313 959 2360 temporibus
983 2313 1260 2358 Laehmannus,
1284 2314 1399 2360 quiin
1423 2317 1477 2349 tot

230 2386 415 2434 tantisque
441 2386 550 2423 rebus
580 2388 655 2423 fere
683 2388 713 2424 is
740 2389 827 2433 suit,
852 2389 914 2436 qui
940 2387 1121 2424 Catullum
1153 2389 1269 2435 longis
1297 2400 1318 2424 a
1342 2389 1476 2425 finibus

274 2551 281 2570 ยน
307 2548 361 2578 Vs.
387 2549 435 2578 12.
