1892 3007
555 985 864 1028 CAPUT
942 981 1467 1024 SEPTIMUM.

935 1354 1087 1380 LESBIA.

1028 1510 1062 1534 Et
1077 1510 1141 1540 quod
1158 1509 1254 1540 perisse
1270 1509 1338 1532 vides
1354 1509 1477 1539 perditum
1492 1508 1576 1532 (lucan.

1516 1567 1635 1590 catullus.

440 1664 487 1699 Ut
513 1665 589 1698 fere
613 1663 724 1707 nihil,
753 1662 850 1709 quod
874 1662 920 1696 de
944 1661 1077 1696 Catulli
1093 1661 1167 1695 vita
1192 1660 1369 1703 traditur,
1394 1662 1491 1694 certa
1507 1659 1638 1694 nititur

384 1740 475 1784 fide,
522 1740 571 1774 ita
614 1750 657 1773 ea
700 1749 758 1773 res
804 1748 968 1784 quoque,
1012 1737 1056 1772 de
1098 1747 1169 1783 qua
1218 1737 1294 1782 ipse
1337 1738 1443 1782 poeta
1481 1734 1637 1781 plurima

386 1815 575 1850 nobiscum
620 1814 924 1857 communicavit,
963 1824 1066 1847 amor
1104 1812 1255 1847 Lesbiae
1284 1812 1455 1846 maximis
1486 1817 1637 1850 vexatur

384 1892 514 1927 dubiis.
573 1890 650 1933 Qua
708 1890 754 1925 de
811 1901 851 1924 re
906 1889 966 1924 alii
1024 1889 1092 1924 viri
1149 1889 1244 1924 docti
1286 1890 1391 1925 aliter
1441 1894 1635 1927 senserunt

385 1970 495 2012 atque
531 1966 611 2008 alii,
648 1969 684 2000 et
728 1965 866 2008 adhuc,
908 1976 988 1999 mea
1024 1964 1170 2010 quidem
1207 1965 1395 2011 opinione,
1424 1967 1492 2001 sub
1515 1966 1639 2012 judice

386 2042 429 2077 lis
472 2045 536 2077 est.
577 2040 646 2082 Qui
684 2040 904 2075 novissimus
945 2038 1075 2075 Catulli
1110 2040 1307 2076 editionem
1346 2052 1473 2076 curare
1515 2041 1640 2077 incho-

385 2117 479 2160 avit,
505 2116 719 2151 Schwabius
753 2115 822 2150 sibi
854 2126 931 2149 rem
960 2115 1153 2161 perfecisse
1182 2116 1278 2150 visus
1306 2119 1361 2151 est
1390 2120 1426 2151 et
1453 2116 1533 2152 luce
1569 2117 1639 2152 cla-

385 2193 460 2227 rius
490 2192 761 2227 demonstrasse
791 2190 980 2235 Lesbiam,
1011 2202 1121 2237 quam
1152 2190 1313 2226 Catullus
1340 2192 1639 2236 amaverit‚ean-

383 2268 466 2303 dem
496 2278 575 2302 esse
598 2270 709 2313 atque
731 2267 909 2302 famosam
936 2266 1035 2301 illam
1059 2265 1244 2310 Clodiam,
1274 2267 1330 2301 cui
1356 2265 1500 2312 Cicero,
1527 2279 1639 2314 quum

384 2344 546 2379 Caelium
579 2354 681 2378 reum
711 2343 756 2378 de
785 2343 819 2377 vi
850 2342 1082 2387 defenderet,
1107 2345 1279 2389 perpetua
1302 2342 1474 2389 stigmata
1498 2343 1639 2379 inussit.

384 2418 520 2454 Contra
550 2418 652 2465 cujus
681 2418 968 2465 disputationem
998 2417 1107 2452 dubia
1137 2421 1259 2452 tamen
1291 2418 1470 2464 quaedam
1500 2419 1638 2453 moveri

382 2505 487 2541 posse
517 2494 697 2529 videntur.

439 2569 637 2616 Postquam
674 2570 773 2605 enim
803 2569 947 2615 omnia,
978 2580 1070 2617 quae
1100 2569 1263 2606 Catullus
1293 2569 1337 2605 de
1367 2569 1496 2606 Lesbia
1526 2570 1638 2606 tradi—
