1892 3007
967 244 1018 280 16

372 372 547 407 “carmen
572 375 657 406 ante
682 371 828 417 initium
851 371 936 406 belli
960 371 1093 415 civilis,
1121 371 1219 406 nulla
1253 372 1404 418 cogitari
1435 382 1540 419 posse
1572 371 1625 406 vi-

379 448 511 484 “detur
541 458 669 492 causa,
698 458 791 494 quae
816 447 1038 494 permoverit
1066 445 1267 490 Catullum,
1303 450 1345 482 ut
1381 446 1578 483 deflectens
1604 458 1626 482 a

370 523 535 569 “vulgari
550 522 822 566 consuetudine,
832 533 999 557 socerum
1014 532 1264 568 generumque
1279 521 1416 558 diceret
1431 521 1624 558 Caesarem

370 598 430 633 “et
459 596 677 644 Pompejum
703 599 785 644 post
813 600 969 632 mortem
1000 597 1179 632 Juliae.”¹
1213 596 1339 644 (699.)

421 673 461 707 In
490 672 622 707 Catulli
647 671 871 707 carminibus
895 672 1007 718 igitur
1031 672 1131 707 nulla
1155 672 1227 707 alia
1252 672 1408 718 vestigia
1429 672 1622 708 inveniun-

365 752 426 784 tur
436 777 445 794 ,
461 759 556 796 quae
571 746 769 783 ostendunt
779 729 949 794 ,poetam
963 749 1044 794 post
1059 758 1198 783 annum
1214 746 1291 783 697
1303 776 1312 793 ,
1324 758 1433 795 quem
1444 746 1625 795 Hierony-

365 836 447 860 mus
472 824 643 867 tradidit,
659 823 813 867 vixisse,
828 823 900 858 nisi
925 824 1022 869 quod
1045 824 1270 859 mentionem
1285 824 1370 859 facit
1386 824 1624 870 expeditionis

365 900 615 935 Brittannicae
638 898 771 946 (698),
787 910 944 945 magnae
967 898 1225 935 ambulationis
1248 910 1345 935 anno
1370 898 1448 934 699
1471 910 1493 934 a
1517 898 1625 934 Pom-

365 975 447 1022 pejo
477 975 666 1019 conditae,
690 974 819 1020 judicii
849 974 1057 1019 Vatiniani,
1087 974 1202 1021 (700)
1232 978 1268 1010 et
1292 975 1501 1010 consulatus
1524 974 1625 1009 Vati-

366 1050 418 1085 nii
448 1049 574 1097 (706).

421 1125 527 1166 Quod
556 1136 639 1160 cum
669 1125 928 1160 Lachmannus
960 1137 1084 1160 secum
1106 1129 1293 1172 reputaret
1318 1129 1354 1160 et
1379 1137 1462 1160 cum
1486 1125 1624 1160 videret

358 1201 493 1236 diserte
530 1201 577 1236 ab
613 1200 860 1247 Hieronymo,
908 1200 1010 1247 cujus
1052 1203 1094 1236 ut
1131 1199 1316 1248 Hauptius
1345 1201 1415 1245 ait,
1443 1200 1623 1244 rationes,

369 1277 481 1311 etiam
508 1276 571 1311 ubi
600 1276 638 1311 in
666 1276 818 1322 singulis
833 1276 939 1311 annis
963 1279 1124 1311 erratum
1147 1280 1221 1321 est,
1251 1287 1436 1311 summam
1460 1275 1623 1311 veritatis

369 1352 488 1387 solent
521 1352 708 1387 continere
741 1355 777 1386 et
806 1363 916 1397 quem
944 1351 1140 1387 verisimile
1169 1354 1224 1387 est
1250 1352 1346 1387 hanc
1373 1352 1622 1387 narrationem

366 1428 657 1474 transscripsisse
685 1439 729 1462 ex
765 1426 929 1462 Suetonii
965 1426 1058 1463 libro
1096 1428 1142 1463 de
1170 1428 1267 1463 Viris
1296 1427 1517 1472 illustribus,
1546 1438 1624 1462 esse

366 1503 544 1539 traditum
580 1502 764 1539 Catullum
795 1514 891 1539 anno
933 1503 1064 1539 aetatis
1100 1504 1272 1539 vicesimo
1310 1502 1462 1548 obiisse,
1499 1503 1625 1538 admo-

367 1579 454 1613 dum
482 1579 673 1624 ingeniosa
701 1579 909 1624 conjectura
938 1591 1016 1614 rem
1046 1579 1231 1614 difficilem
1270 1579 1440 1625 expedire
1473 1582 1623 1614 conatus

367 1657 431 1690 est.
470 1653 683 1701 Suspicatur
714 1654 813 1690 enim
842 1653 1109 1702 Hieronymum
1138 1654 1228 1690 duos
1262 1654 1466 1690 confudisse
1494 1665 1624 1690 eonsu—

367 1731 480 1775 latus,
520 1741 651 1777 nempe
689 1729 754 1765 Cn.
785 1729 925 1766 Octavii
964 1730 1029 1765 Cn.
1076 1731 1099 1765 f.
1146 1734 1182 1765 et
1219 1730 1283 1765 Cn.
1323 1729 1463 1765 Octavii
1502 1729 1549 1765 M.
1579 1730 1622 1773 f.‚

367 1817 522 1853 quorum
560 1806 620 1841 ille
657 1818 754 1841 anno
792 1805 892 1852 667,
931 1806 992 1842 hic
1030 1805 1108 1841 676
1142 1806 1370 1842 consulatum
1399 1806 1511 1853 gessit
1539 1816 1622 1840 cum

366 1881 405 1917 C.
445 1881 634 1917 Scribonio
673 1880 711 1917 C.
753 1883 774 1917 f.
816 1881 984 1917 Curione.
1026 1881 1064 1917 Si
1094 1885 1218 1917 autem
1247 1885 1355 1917 natus
1384 1882 1430 1916 sit
1459 1881 1622 1916 Catullus

366 1968 463 1992 anno
501 1956 601 2001 676,
637 1960 803 1992 mortuus
832 1960 887 1991 est
915 1968 1012 1992 anno
1043 1956 1120 1991 706
1147 1960 1184 1992 et
1211 1957 1335 1992 omnia
1363 1960 1461 1991 reete
1498 1968 1622 2003 proce-

367 2033 468 2067 dunt.
508 2032 609 2067 Vidit
645 2032 915 2079 expeditionem
954 2032 1226 2076 Britannicam,
1265 2031 1355 2067 vidit
1392 2031 1621 2067 consulatum

366 2107 523 2152 Vatinii,
551 2119 619 2142 nec
647 2110 722 2142 tam
752 2107 815 2142 diu
844 2108 954 2152 vixit,
983 2111 1024 2142 ut
1046 2107 1131 2153 jure
1159 2107 1324 2151 mireris,
1359 2118 1442 2141 eum
1473 2118 1546 2141 non
1576 2106 1622 2141 ab

366 2182 495 2219 Ovidio
519 2187 846 2219 commemoratum
870 2195 950 2220 esse
978 2184 1074 2218 inter
1100 2186 1244 2230 poetas,
1273 2194 1429 2230 quorum
1460 2183 1496 2218 in
1527 2183 1621 2218 noti-

365 2260 455 2294 tiam
497 2260 687 2306 pervenire
726 2260 786 2294 hic
810 2259 960 2306 juvenis
997 2259 1157 2303 studuit,
1186 2270 1254 2294 nec
1290 2262 1331 2294 ut
1374 2260 1494 2305 potius
1536 2270 1619 2293 cum

367 2335 547 2380 Vergilio,
573 2346 684 2381 quam
720 2335 816 2382 quod
845 2335 966 2381 Nepos
994 2335 1099 2379 fecit,
1125 2346 1208 2370 cum
1234 2334 1421 2378 Lucretio,
1447 2334 1544 2380 quod
1574 2334 1619 2369 ad

366 2413 526 2445 aetatem
563 2410 714 2455 attinet,
753 2410 1044 2457 componendum
1083 2421 1163 2445 esse
1200 2421 1283 2445 eum
1326 2410 1475 2445 diceres.
1519 2409 1619 2444 Haec

408 2568 414 2586 ¹
441 2566 478 2601 Q.
503 2565 538 2594 C.
559 2574 590 2602 p.
615 2567 661 2594 16.
