1892 3007
837 246 886 280 83

241 373 361 407 Tertia
395 373 479 407 sede
513 372 642 418 prioris
679 373 867 407 commatis
910 384 1051 419 semper
1089 376 1124 407 et
1170 372 1303 418 ubique
1342 372 1482 406 iambus

240 447 408 482 scribitur
458 458 574 493 neque
621 446 781 481 Nobbius
836 447 924 481 mihi
970 447 1169 493 persuasit,
1223 447 1284 492 qui
1334 458 1367 492 p.
1420 445 1482 480 14.

240 523 428 557 lectionem
458 522 638 567 vulgatam
668 533 717 556 vs.
748 520 814 556 37:
844 520 982 567 “Piyer
1010 521 1068 556 his
1098 519 1267 556 labana&
1299 519 1476 566 lanquore

239 595 359 632 oeulos
395 608 499 643 sopor
534 595 699 643 operit'',
728 596 789 631 ubi
818 597 853 631 in
885 597 992 631 tertia
1020 597 1149 643 prioris
1178 597 1368 631 commatis
1396 596 1481 630 sede

241 672 441 719 spondaeus
468 672 617 717 legitur,
646 672 739 706 tueri
768 674 917 706 conatus
946 675 1011 707 est.
1042 671 1102 706 Sic
1133 672 1229 706 enim
1261 683 1337 706 rem
1368 672 1477 717 expli-

243 746 356 781 cavit:
387 746 584 790 “Metrum,
616 757 688 792 quo
716 746 877 781 Catullus
904 758 991 782 usus
1022 749 1076 782 est
1106 745 1263 781 anaclasi
1293 747 1392 781 exuit
1423 758 1486 781 no-

242 823 383 855 “turam
421 821 600 865 Ionicam,
637 824 816 856 mutatum
852 825 906 856 est
942 823 978 856 in
1018 821 1162 867 dipodia
1197 821 1370 863 iambica;
1399 821 1483 855 inde

241 895 395 941 “legitur
408 896 443 930 in
460 897 575 942 prima
598 896 682 931 sede
706 896 907 943 spondaeus
932 907 995 942 pro
1022 896 1163 940 iambo,
1180 896 1242 942 qui
1258 896 1293 930 in
1310 907 1484 942 anapaes-

242 972 341 1004 “tum
364 971 452 1005 solvi
475 974 603 1017 potest.
630 970 735 1005 Prius
767 981 909 1005 comma
933 970 1076 1017 dipodia
1109 970 1264 1005 iambica
1293 970 1483 1005 acalectica

242 1046 399 1080 “factum
427 1048 501 1088 est;
529 1046 637 1080 tertia
660 1045 745 1081 sede
774 1045 1015 1080 admittuntur
1047 1045 1156 1091 igitur
1185 1045 1347 1088 iambus,
1376 1057 1483 1091 spon-

248 1119 400 1163 “daeus,
417 1123 453 1154 et
481 1120 588 1165 hujus
616 1120 822 1155 solutiones.
840 1119 1018 1165 Spondaei
1048 1120 1243 1154 solutiones
1267 1131 1340 1154 non
1364 1120 1489 1165 legun-

250 1193 331 1230 “tur
359 1195 452 1241 apud
482 1194 683 1238 Catullum,
712 1195 787 1241 ipse
817 1195 1018 1241 spondaeus
1047 1196 1115 1230 hoc
1144 1206 1249 1230 versu
1278 1195 1487 1242 impugnato

247 1268 354 1303 “37.”
381 1268 440 1304 Sic
464 1270 538 1303 fere
562 1269 733 1304 Nobbius.
760 1269 809 1303 At
836 1280 909 1304 non
937 1270 987 1304 ita
1015 1281 1093 1304 sese
1121 1281 1178 1304 res
1206 1269 1324 1304 habet.
1355 1269 1488 1310 Quam-

249 1356 359 1391 quam
388 1347 555 1380 naturam
582 1346 656 1380 sere
684 1345 802 1380 induit
830 1348 989 1380 metrum
1017 1345 1230 1390 iambicam,
1259 1349 1381 1380 tamen
1416 1357 1485 1380 non

246 1419 296 1454 ita
335 1422 514 1454 mutatum
553 1423 626 1463 est,
662 1422 723 1463 ut,
763 1420 859 1454 unde
896 1419 1097 1454 derivatum
1135 1421 1200 1463 sit,
1239 1431 1311 1455 non
1348 1423 1487 1465 pateat,

243 1506 361 1541 neque
392 1494 460 1529 hoc
483 1505 555 1529 uno
580 1494 743 1540 exemplo
775 1494 947 1540 probatur
978 1495 1014 1529 in
1040 1494 1250 1530 Galliambis
1274 1495 1381 1530 tertia
1405 1495 1489 1530 sede

244 1569 369 1603 eodem
393 1569 499 1603 modo
524 1580 594 1614 quo
619 1569 656 1602 in
680 1559 758 1603 aliis
788 1568 950 1603 iambicis
973 1568 1133 1603 versibus
1161 1580 1224 1615 pro
1254 1569 1373 1604 iambo
1403 1570 1486 1603 sub-

244 1644 344 1679 stitui
378 1644 619 1690 spondaeum,
644 1644 847 1690 dactylum,
878 1647 1124 1690 anapaestum.
1154 1644 1247 1679 Nam
1281 1645 1310 1680 si
1345 1645 1389 1679 de
1417 1656 1488 1679 uno

245 1719 429 1764 concedas,
444 1719 489 1754 de
503 1719 582 1755 aliis
598 1719 704 1754 simul
721 1719 865 1754 fatearis
882 1730 1026 1754 necesse
1041 1723 1111 1763 est,
1126 1721 1337 1766 praesertim
1350 1748 1358 1764 ,
1374 1731 1485 1766 quum

244 1795 440 1830 multorum
469 1795 632 1830 codicum
661 1798 894 1841 veterumque
922 1795 1120 1829 editionum
1151 1796 1384 1837 auctoritate,
1419 1796 1490 1830 lec-

244 1870 295 1904 tio
314 1868 507 1905 “labante”
532 1870 774 1905 confirmetur.
799 1870 925 1916 Neque
954 1870 1125 1905 Varronis
1141 1871 1367 1917 exemplum,
1393 1871 1489 1917 quod

245 1945 365 1979 attulit
389 1944 550 1980 Nobbius
575 1945 772 1991 quidquam
797 1945 841 1979 ad
857 1956 932 1979 rem
951 1946 1045 1980 facit.
1063 1946 1176 1980 Varro
1192 1946 1288 1980 enim
1303 1946 1405 1992 plura
1421 1946 1489 1980 sibi

245 2021 428 2066 permisit,
462 2020 591 2066 quihus
629 2020 790 2055 Catullus
828 2020 969 2055 nullum
1010 2021 1046 2055 in
1085 2022 1247 2056 carmine
1276 2033 1340 2056 suo
1369 2021 1487 2056 locum

248 2096 423 2130 concessit
442 2098 463 2129 ¹.
502 2095 628 2141 Neque
667 2095 807 2129 iambus
846 2096 881 2129 in
912 2096 1018 2129 tertia
1046 2096 1131 2130 sede
1158 2107 1331 2141 umquam
1362 2097 1398 2129 in
1427 2097 1490 2129 tri-

246 2170 406 2217 brachyn
436 2174 607 2206 mutatur.
637 2170 740 2212 Quod
770 2171 809 2205 fit
842 2171 904 2205 “ut
932 2183 1000 2206 vox
1034 2171 1184 2215 habeat,
1221 2170 1283 2205 ubi
1322 2172 1492 2217 conquie-

252 2245 368 2289 “scat,
402 2248 437 2280 et
474 2246 590 2288 furor,
629 2245 730 2290 cujus
767 2246 820 2280 vis
851 2246 887 2279 in
924 2246 1052 2280 ultimo
1081 2246 1310 2280 hemistichio
1347 2247 1488 2292 potissi-

254 2319 377 2354 “mum
424 2321 602 2363 cernitur,
635 2321 894 2367 aliquantisper
927 2324 1145 2366 temperetur
1183 2324 1217 2355 et
1256 2321 1357 2366 quasi
1397 2322 1489 2355 vires

248 2394 435 2440 “colligat’'
454 2396 477 2429 ².
517 2394 572 2429 Ob
610 2395 761 2430 eandem
800 2406 962 2430 caussam
1010 2395 1145 2441 syllaba
1197 2407 1358 2441 quoquc,
1400 2407 1491 2441 quae

289 2494 294 2511 ¹
319 2491 449 2527 Nobbe‚
474 2499 501 2526 p.
527 2493 580 2527 14,
605 2500 632 2526 p.
656 2492 704 2519 23.

289 2553 301 2572 ‘2
322 2552 451 2588 Nobbe,
474 2560 503 2588 p.
529 2553 574 2580 15.
