1892 3007
941 252 992 286 38

389 373 451 409 Sic
477 377 535 409 ter
565 375 741 413 Martialis
753 388 760 412 :

332 460 375 492 a,
406 447 469 483 ubi
499 459 621 496 quem·
640 461 806 498 quaeque
832 452 921 488 urbs
951 453 1119 488 habuerit
1162 453 1302 489 clarum
1339 456 1485 500 poetam
1508 466 1597 490 enu—

336 526 472 568 merat,
501 525 554 559 ita
582 525 710 561 scribit
727 527 756 561 ¹:

615 635 764 665 “Verona
786 636 871 666 docti
891 637 1036 675 syllabas
1059 640 1146 669 amat
1169 638 1274 670 vatis''

336 734 367 770 b.
396 734 460 771 ubi
489 735 699 783 Crispinum
726 739 851 783 rogat,
879 740 921 772 ut
949 748 989 773 se
1019 737 1166 773 Caesari
1196 740 1428 776 commendet
1443 742 1478 775 ²:

511 832 650 861 “Dicere
672 833 713 861 de
734 833 844 870 nobis,
868 834 904 862 ut
926 834 1030 862 lector
1051 835 1227 872 candidus,
1249 836 1349 865 aude:

551 895 766 930 Temporibus
787 896 931 930 praestat
952 903 1015 925 non
1038 896 1118 925 nihil
1142 897 1205 926 iste
1226 897 1308 934 tuis,

511 958 579 986 Nec
604 958 710 986 Marso
734 957 867 987 nimium
889 958 994 987 minor
1017 960 1067 988 est
1090 959 1244 996 doctoque
1265 960 1402 990 catullo.

551 1019 622 1048 Hoc
646 1019 726 1048 satis
748 1020 809 1048 est:
839 1020 901 1055 ipsi
924 1021 1033 1049 cetera
1054 1021 1169 1050 mando
1192 1021 1284 1051 deo.”

339 1130 367 1153 c.
392 1119 456 1154 ubi
480 1119 671 1164 describit,
698 1121 882 1167 quomodo
896 1121 1140 1157 inclarescant
1153 1125 1282 1168 poetae
1296 1122 1341 1158 de
1358 1134 1501 1159 amores
1514 1135 1599 1160 suos

340 1194 506 1230 canendo
523 1197 556 1230 ³:

555 1290 719 1327 “Cynthia
740 1292 773 1320 te
796 1291 902 1324 vatem
924 1291 1018 1328 fecit,
1040 1292 1161 1322 lascive
1184 1293 1351 1330 Properti,

595 1353 766 1389 Ingenium
789 1353 874 1383 Galli
896 1354 1032 1390 pulchra
1052 1355 1192 1392 Lycoris
1213 1357 1299 1393 erat,

557 1415 659 1443 Fama
681 1418 731 1443 est
753 1416 860 1451 arguti
883 1416 1031 1445 Nemesis
1050 1417 1191 1449 formosa
1212 1416 1332 1446 Tibulli
1373 1418 1375 1420 “

597 1477 719 1507 Lesbia
740 1477 896 1516 dictavit,
918 1478 1006 1507 docte
1028 1478 1173 1513 Catulle,
1194 1477 1285 1508 tibi.'’

393 1578 559 1612 Primum
584 1577 779 1623 diligenter
806 1578 1069 1625 inquirendum
1098 1589 1177 1614 esse
1205 1579 1352 1625 opinor,
1384 1590 1495 1626 quam
1526 1580 1599 1615 vir-

338 1658 456 1690 tutem
489 1654 550 1689 illo
576 1654 794 1700 cognomine
818 1653 1041 1690 carminibus
1063 1653 1195 1689 Catulli
1219 1654 1361 1701 antiqui
1384 1655 1599 1700 tribuerint,

338 1730 470 1765 deinde
494 1728 790 1775 dijudicandum,
814 1729 902 1776 quid
926 1740 992 1764 nos
1014 1729 1059 1764 de
1087 1740 1129 1764 ea
1158 1729 1293 1764 virtute
1319 1741 1467 1765 censere
1495 1742 1600 1778 opor-

341 1809 427 1842 teat.
467 1806 639 1842 Barthius
677 1806 785 1852 longa
821 1806 1140 1852 argumentatione
1170 1805 1421 1842 demonstrare
1449 1810 1600 1843 conatus

338 1885 413 1926 est,
442 1880 586 1917 doctum
614 1880 713 1916 idem
742 1881 951 1927 significare
975 1884 1085 1928 atque
1113 1880 1308 1925 lascivum,
1337 1880 1557 1917 obscoenum
1573 1885 1598 1918 ⁴.

338 1956 472 1992 Multos
509 1957 607 1992 enim
647 1956 814 2003 perhibet
854 1956 1068 1992 vetustiores
1106 1967 1250 2002 quoque
1278 1956 1409 2001 fuisse,
1439 1957 1501 2003 qui
1534 1957 1599 1993 “eo

344 2031 588 2076 “laborarent,
603 2034 644 2067 ut
660 2031 884 2067 Graecorum
902 2031 1125 2078 myrothecia
1140 2030 1379 2078 compilarent
1393 2031 1440 2067 ad
1455 2043 1601 2067 comen-

343 2107 451 2142 “dam
476 2106 753 2153 ornandamque
770 2106 957 2142 Palladem
974 2105 1143 2142 Latinam
1153 2133 1163 2151 ,
1179 2117 1335 2153 quorum
1348 2109 1474 2145 tamen
1490 2118 1599 2143 nemo

346 2182 433 2217 “tali
461 2185 638 2230 perpetuo
666 2184 704 2217 et
731 2181 830 2217 velut
857 2180 1078 2217 hereditario
1105 2192 1172 2228 per
1193 2181 1309 2217 multa
1330 2181 1452 2217 secula
1475 2182 1602 2218 titulus

345 2258 501 2304 “legitur
541 2257 640 2304 quali
675 2256 873 2292 Catullus.”
912 2256 954 2291 In
992 2256 1063 2292 alia
1100 2256 1212 2303 igitur
1247 2267 1289 2291 re
1327 2267 1493 2292 caussam
1522 2268 1602 2293 esse

376 2388 383 2406 ¹
408 2385 503 2414 Mart..
526 2384 639 2419 Epigr.
663 2383 699 2420 Ι,
722 2384 779 2420 61,
804 2384 830 2411 l.

372 2448 384 2467 2
407 2447 501 2476 Mart.
522 2446 634 2483 Epigr.
659 2446 745 2480 VH,
768 2446 808 2475 99
831 2453 877 2475 vs.
900 2446 929 2476 4.

372 2512 384 2530 ³
411 2509 505 2537 Mart.
528 2509 640 2544 Epigr.
664 2508 770 2545 VIII,
793 2509 831 2537 73
854 2516 900 2536 vs.
923 2507 951 2536 5.

376 2573 388 2591 ⁴
411 2570 607 2600 Adversaria
627 2570 713 2607 LII,
739 2571 785 2599 15.
