1892 3007
995 266 1044 300 82

393 393 434 424 ut
461 401 529 424 vss.
560 390 603 434 4,
633 390 703 434 27,
733 391 799 434 30,
829 390 899 434 31,
929 391 999 434 63,
1028 391 1099 434 69,
1130 390 1200 434 76,
1232 391 1323 425 78¹.
1354 392 1435 426 Non
1460 393 1528 426 hoc
1556 392 1632 426 fieri

391 465 500 509 solet,
534 465 596 500 ubi
625 464 703 511 jam
741 466 777 500 in
812 466 928 512 prima
965 466 1049 500 sede
1098 466 1229 511 legitur
1269 465 1629 511 proceleusmaticus,

392 551 465 574 uno
494 543 643 586 excepto
670 552 794 585 versu,
824 540 868 574 de
895 552 966 586 quo
990 540 1069 586 jam
1098 552 1206 587 supra
1230 541 1388 575 diximus
1413 539 1484 584 63,
1507 539 1569 574 ubi
1594 542 1637 573 ut

392 614 635 658 celeritatem,
664 627 734 661 qua
762 616 797 650 in
823 627 931 651 omne
955 627 1068 661 genus
1093 616 1229 661 figurae
1256 616 1350 650 Attis
1376 615 1515 659 abiret,
1543 614 1638 649 indi-

395 693 556 734 caretur,
578 691 764 725 celerrimo
790 694 905 725 metro
930 702 1016 725 usus
1032 694 1086 725 est
1103 689 1264 725 Catullus
1282 692 1306 725 ².
1323 690 1450 736 Neque
1464 690 1634 725 omitten-

394 766 480 800 dum
504 768 577 809 est,
610 766 707 811 quod
730 765 892 801 Nobbius
909 769 922 787 ³
960 765 1144 801 observat:
1174 765 1268 800 “Sed
1292 765 1465 811 quoniam
1480 765 1629 800 leviores

392 840 627 886 “plerumque
664 830 749 875 sunt
785 841 995 875 exeuntium
1035 852 1204 875 versuum
1233 841 1395 883 numeri,
1425 839 1634 874 ineuntibus

394 915 607 959 “longarum
631 914 849 960 syllabarum
873 926 942 949 usu
963 918 999 949 et
1022 915 1076 950 vel
1102 915 1260 949 maxime
1277 914 1479 949 mediorum
1501 914 1634 960 pedum

394 989 634 1024 “lentitudine
670 990 827 1035 gravitas
857 992 912 1032 et,
947 1000 1040 1035 quae
1063 1000 1084 1024 a
1112 989 1233 1024 furore
1262 999 1494 1035 nequaquam
1523 991 1640 1034 potest

393 1063 558 1107 “abesse,
583 1064 637 1098 vis
661 1064 838 1109 quaedam
864 1064 1079 1098 adhibeatur
1104 1075 1250 1099 necesse
1275 1065 1362 1099 est.’'
1388 1062 1487 1104 Quae
1512 1075 1639 1099 caussa

395 1142 468 1183 est,
508 1150 571 1174 cur
604 1149 723 1185 neque
750 1138 780 1173 si
809 1138 846 1173 in
870 1139 1070 1184 posteriore
1097 1141 1277 1173 commate
1305 1138 1470 1173 brevium
1499 1138 1540 1173 fit
1568 1138 1639 1184 syl-

397 1214 561 1248 labarum
598 1215 817 1257 contractio,
856 1214 983 1259 longae
1021 1215 1058 1248 in
1085 1215 1205 1260 priore
1233 1217 1413 1249 commate
1442 1214 1636 1250 solvantur.

393 1289 455 1324 Bis
492 1292 636 1325 tantum
664 1289 760 1325 solus
798 1289 940 1324 iambus
969 1290 1007 1324 in
1035 1290 1148 1324 altera
1176 1290 1284 1336 primi
1313 1289 1503 1325 commatis
1532 1288 1638 1332 sede,

389 1365 424 1398 in
455 1364 665 1410 tribrachyn
704 1368 884 1407 mutatur,
918 1364 980 1399 ubi
1014 1365 1132 1399 locum
1172 1365 1394 1399 tribracheos
1423 1365 1564 1399 iambus
1598 1365 1636 1398 in

384 1438 594 1484 posterioris
609 1438 799 1474 commatis
813 1438 897 1473 sede
908 1438 1021 1473 altera
1032 1439 1230 1485 occupavit,
1242 1449 1372 1485 nempe
1380 1425 1428 1473 vs.
1440 1437 1489 1474 75
1498 1441 1534 1473 et
1548 1437 1597 1472 78
1611 1440 1635 1472 ⁴.

424 1587 431 1605 1
455 1583 626 1622 Nobbe‚p.
650 1585 697 1613 12.
721 1584 823 1613 Recte
846 1584 889 1613 ibi
911 1585 1018 1613 monet
1039 1584 1085 1612 in:
1100 1583 1243 1622 “patria,
1266 1592 1282 1611 ο
1304 1592 1369 1611 mea
1390 1582 1550 1611 creato-2¹:12¹*
1566 1593 1586 1611 a
1608 1584 1639 1612 in

383 1645 487 1673 “mea''
510 1647 541 1674 in
564 1646 627 1675 arsi
651 1646 859 1682 sequentibus
880 1648 967 1675 muta
988 1654 1059 1675 cum
1081 1646 1205 1682 liquida
1226 1646 1374 1682 produci,
1399 1653 1446 1674 vs.
1469 1645 1517 1674 50.

423 1710 433 1729 ἒ
456 1708 568 1737 Nobbe
598 1717 627 1744 p.
659 1710 704 1736 13.
733 1708 812 1737 Cum
841 1716 878 1737 eo
910 1709 991 1737 facio
1022 1708 1176 1744 probante
1206 1708 1385 1737 Ahlwardti
1418 1709 1637 1744 conjecturam

377 1771 532 1805 legentis:
557 1770 667 1806 “Quod
688 1770 766 1797 enim
781 1771 1023 1807 yenusfinqurae,
1043 1770 1075 1797 in
1093 1771 1173 1808 quod
1192 1780 1249 1797 non
1267 1780 1320 1807 eyo
1337 1769 1464 1798 abierim
1474 1769 1508 1798 ?''
1522 1778 1567 1799 vs.
1581 1770 1617 1798 62
1635 1793 1642 1807 ,

379 1839 473 1868 quam
495 1831 718 1860 Lachmannus
740 1832 768 1860 el
789 1832 947 1867 Hauptius
965 1839 1027 1860 non
1046 1833 1245 1867 receperunt.
1266 1832 1442 1860 Admodum
1463 1832 1545 1860 enim
1560 1832 1639 1861 dure

380 1894 473 1921 sonat
498 1893 641 1928 vulgata:
667 1893 737 1930 “eqo
761 1903 817 1921 non
839 1894 917 1929 quod
948 1893 1136 1921 habuerim.⁷'

428 1957 439 1975 ³
463 1955 583 1983 Eadem
606 1962 677 1991 pag.
701 1956 748 1983 13.

421 2020 434 2037 ⁴
455 2018 568 2053 Neque
596 2018 635 2046 dc
664 2025 758 2046 versu
792 2019 829 2046 78
864 2018 1035 2054 quidquam
1068 2019 1155 2046 certo
1188 2020 1322 2047 constat.
1363 2019 1522 2054 Hauptius
1559 2020 1641 2048 enim

381 2079 460 2114 legit
483 2080 551 2107 sine
574 2080 791 2108 contractione
821 2080 851 2107 in
883 2080 1059 2114 posteriore
1083 2082 1257 2108 commate:
1288 2080 1374 2116 “face
1397 2083 1430 2108 ut
1449 2081 1526 2108 hunc
1539 2081 1637 2117 furor

380 2140 509 2178 ayitet.''
532 2141 791 2170 Contractionem
818 2141 915 2170 habet
949 2149 1060 2170 versus
1082 2149 1101 2169 a
1123 2140 1237 2169 Pohlio
1262 2141 1307 2170 ita
1330 2141 1531 2171 emendatus:
1568 2142 1642 2177 (lec-

379 2204 502 2231 tionum
525 2203 775 2231 Catullianarum
800 2204 983 2239 Specimen,
1008 2204 1145 2239 1860,p.
1168 2204 1235 2237 53).
1261 2203 1417 2239 “Aqedum
1445 2204 1565 2241 inquit,
1588 2215 1642 2242 aye

375 2266 489 2302 ferox,
511 2264 540 2302 τ’,
558 2266 620 2302 fac
642 2268 674 2293 ut
697 2265 760 2293 icat
783 2266 860 2293 hunc
880 2264 1006 2302 s'wrorJ'
1029 2265 1240 2293 Vocabulum:
1257 2264 1307 2292 “i''
1339 2266 1426 2294 recte
1443 2273 1462 2293 a
1482 2265 1644 2302 scaligero

377 2327 519 2355 additum
542 2327 676 2355 videtur.
700 2328 814 2362 Inepte
839 2327 1045 2356 Frtihlichius
1066 2328 1141 2355 1.1.:
1163 2327 1326 2364 “ayedu-m,
1346 2327 1464 2364 inquit,
1487 2338 1542 2365 aye
1554 2330 1643 2366 sere,

379 2387 511 2425 exi,aye
532 2390 565 2416 ut
587 2388 652 2416 icat
674 2388 890 2426 huncfurorl'
919 2388 1128 2417 Ahlwardtus
1153 2396 1223 2416 cum
1254 2388 1454 2416 VVerthesio:
1486 2389 1642 2426 “Agedum

378 2450 495 2488 inquit,
516 2430 571 2488 affe
582 2452 696 2488 ferox,
719 2452 812 2489 hunc,
832 2452 961 2489 agedum
981 2451 1148 2489 aggredere
1168 2450 1288 2484 ἢτοι-Ρ
1307 2451 1385 2480 Mihi
1399 2452 1524 2488 quidem
1540 2453 1642 2482 Lach-

378 2512 485 2540 manni
516 2514 701 2548 conjectura
731 2514 770 2542 ab
794 2514 933 2547 Hauptio
956 2515 1086 2547 recepta
1107 2513 1242 2541 maxime
1265 2513 1379 2548 placet.
1403 2513 1492 2549 Opus
1515 2516 1565 2543 est
1589 2517 1642 2544 tri-

380 2574 517 2612 brachy‚
540 2575 687 2603 citatiore
710 2583 858 2611 numero,
882 2575 913 2603 in
938 2575 997 2603 hoc
1022 2575 1198 2610 posteriore
1221 2576 1376 2603 commate
1399 2582 1534 2611 quoque.
