1892 3007
939 258 991 294 10

391 383 445 419 1⁰.
478 384 576 419 Dicit
598 395 672 420 non
698 385 776 420 fieri
791 386 980 432 potuisse,
1009 388 1050 420 ut
1079 384 1241 422 Catullus
1264 397 1361 422 anno
1386 386 1463 423 697
1491 387 1589 423 diem

340 458 471 494 obierit
495 471 705 507 supremum
718 488 727 505 ,
753 460 839 507 quia
864 460 998 496 Caesar
1021 472 1106 496 eum
1130 472 1264 497 coenae
1286 461 1471 508 adhibuit,
1493 465 1590 510 post-

341 545 452 580 quam
494 538 602 581 poeta
640 536 678 570 in
717 547 800 570 eum
826 536 979 582 ¹famosa
1017 537 1218 583 composuit
1253 536 1515 584 epigrammata
1555 540 1591 572 et

337 608 511 655 stigmata
540 609 573 644 ei
601 607 744 646 inussit
770 613 945 657 perpetua
972 610 1151 646 carmine:

554 763 653 800 “Quis
677 763 739 792 hoc
762 765 871 799 potest
893 764 1019 800 videre,
1044 763 1116 800 quis
1137 765 1245 799 potest
1267 762 1404 800 pati?”¹

389 906 430 941 In
472 918 544 953 quo
568 906 731 942 carmine
758 906 1034 942 Britanniamm
1063 907 1203 942 mentio
1232 908 1293 952 fit,
1330 919 1421 954 quas
1456 908 1589 943 invasit

335 973 471 1010 Caesar
503 974 679 1011 “numero
708 973 838 1010 1962'’
866 974 889 1010 i.
918 986 948 1010 e.
979 986 1076 1011 anno
1107 974 1149 1011 U.
1180 974 1218 1011 C.
1248 974 1338 1011 699.

385 1049 437 1084 2⁰.
470 1049 630 1096 Vergilio
662 1049 740 1095 jam
778 1050 925 1085 florenti
951 1053 1059 1085 notus
1083 1053 1120 1085 et
1148 1050 1339 1086 familiaris
1368 1051 1437 1086 suit
1466 1050 1588 1086 Catul-

332 1125 406 1168 lus,
431 1125 485 1159 uti
509 1127 610 1172 patet
634 1136 655 1160 e
679 1124 854 1160 Martialis
879 1126 1146 1172 epigrammate
1162 1125 1208 1160 ad
1224 1124 1354 1160 Silium
1370 1125 1535 1161 Italicum
1552 1127 1585 1161 ²:

588 1292 664 1322 “Sic
686 1293 793 1322 forsan
817 1294 911 1322 tener
932 1300 1030 1322 ausus
1051 1294 1102 1322 est
1124 1292 1271 1322 Catullus
1341 1308 1344 1312 ·

584 1355 703 1390 Magno
725 1355 854 1384 mittere
876 1362 1039 1391 passerem
1063 1354 1220 1384 Maroni.''

380 1497 488 1540 Quod
525 1510 716 1545 perperam
753 1510 775 1534 a
810 1499 935 1534 multis
973 1499 1024 1534 ita
1062 1500 1176 1546 accipi
1206 1498 1374 1545 perhibet
1402 1498 1583 1545 Scaliger,

329 1574 433 1619 quasi
478 1574 657 1609 Martialis
699 1575 790 1609 haec
831 1574 988 1621 exempli
1025 1575 1143 1620 gratia
1182 1574 1350 1617 finxisset
1387 1585 1505 1620 neque
1546 1586 1586 1610 re

326 1660 410 1684 vera
441 1647 573 1683 Catulli
600 1648 764 1695 aequalis
793 1648 974 1695 Vergilius
1002 1648 1140 1684 fuisset.

381 1724 436 1758 3⁰.
475 1723 584 1758 Anno
626 1723 667 1758 U.
709 1723 746 1758 C.
786 1723 861 1757 707
901 1723 1035 1758 Caesar
1074 1723 1279 1768 triumphos
1311 1725 1467 1768 quatuor
1493 1723 1584 1768 egit,

328 1810 419 1846 quos
458 1801 723 1834 commemorat
762 1797 946 1843 Catullus,
982 1809 1095 1845 quum
1125 1797 1316 1833 Ponticam
1343 1800 1380 1832 et
1408 1797 1586 1834 Ibericam

326 1874 501 1920 praedam
541 1885 587 1909 ex
625 1874 724 1919 Tago
762 1874 948 1909 nominat:
987 1873 1057 1908 hoc
1094 1876 1151 1908 est
1184 1873 1411 1919 triumphum
1439 1874 1485 1909 de
1513 1875 1586 1909 vic-

328 1949 422 1985 toria
455 1949 661 1985 Mundensi.
679 1951 691 1971 ³

381 2025 434 2059 4⁰.
476 2025 585 2059 Anno
625 2024 702 2060 708
733 2024 774 2059 U.
805 2023 843 2058 C.
875 2023 1008 2058 Caesar
1036 2035 1081 2059 ex
1109 2007 1194 2058 Scto
1231 2024 1429 2069 imperator
1465 2024 1583 2059 dictus

326 2103 400 2145 est,
440 2099 539 2147 quod
579 2111 619 2135 se
654 2099 736 2136 vivo
774 2100 911 2136 factum
947 2110 1027 2135 esse
1064 2100 1220 2134 testatur
1257 2096 1438 2143 Catullus,
1470 2110 1584 2146 quum

326 2175 523 2210 Caesarem
551 2175 811 2222 imperatorem
834 2175 923 2209 dicit
948 2175 1108 2209 unicum.
1135 2175 1148 2195 ⁴

379 2251 432 2286 5⁰.
466 2250 657 2287 Cornelius
695 2250 818 2298 Nepos
855 2250 923 2287 sub
962 2250 1127 2297 Augusto
1162 2249 1384 2296 scriptitasse
1420 2249 1581 2295 videtur,

363 2393 369 2411 ¹
397 2390 432 2420 C,
456 2391 505 2419 29.
528 2390 568 2419 cf.
592 2389 682 2420 Suet.
708 2389 801 2420 Caes.
825 2390 872 2419 73.

360 2454 370 2473 2
396 2454 489 2481 Mart.
517 2453 611 2489 Epig.
634 2453 701 2489 1V,
724 2454 762 2481 14
783 2460 831 2481 vs.
856 2453 892 2480 13
916 2460 963 2489 sq.

361 2519 373 2537 ³
397 2515 445 2545 Cf.
467 2523 493 2545 c.
519 2516 567 2544 29.

361 2581 373 2599 ⁴
398 2578 433 2606 C.
458 2580 506 2606 29.
