1892 3007
958 261 1010 297 26

348 393 481 428 temtui
511 391 710 436 traditum,
748 391 952 434 accusavit,
991 389 1210 424 defendente
1247 399 1331 424 eum
1354 387 1482 423 eodem
1507 386 1609 423 Cice-

353 479 463 512 rone,
506 467 569 514 qui
606 478 650 503 ea
687 478 727 502 re
759 466 917 512 gratiam
946 465 1021 501 sibi·
1045 464 1211 500 Caesaris
1239 463 1432 500 conciliare
1458 462 1608 499 studuit.

350 542 464 589 Cujus
512 542 689 577 orationis
741 543 907 588 superest
957 541 1226 587 fragmentum,
1277 551 1299 574 a
1354 538 1578 581 Quintiliano
1595 540 1605 560 ¹

349 621 557 662 servatum,
595 617 634 652 in
672 628 743 663 quo
786 616 864 652 eius
901 616 975 651 vim
1017 615 1161 651 dicendi
1202 614 1457 662 perspicimus:
1502 612 1608 649 “Non

351 693 461 740 “ergo
508 694 625 740 magis
663 693 902 740 pecuniarum
939 691 1243 738 repetundarum,
1291 702 1402 737 quam
1438 689 1608 736 majesta-

350 768 439 814 “tis,
469 780 591 815 neque
620 768 825 815 majestatis
854 768 993 813 magis,
1022 777 1133 813 quam
1161 766 1325 801 Plautiae
1349 766 1459 812 legis,
1488 776 1608 812 neque

350 844 539 879 “Plautiae
554 844 644 890 legis
659 844 797 889 magis,
823 854 934 889 quam
959 842 1138 886 ambitus,
1162 852 1283 887 neque
1297 840 1456 877 ambitus
1471 841 1606 887 magis,

349 919 483 966 “quam
512 919 679 953 omnium
703 917 843 963 judicia
871 917 993 963 legum
1015 917 1234 963 perierunt.''
1252 916 1335 951 Non
1350 916 1462 962 igitur
1476 915 1607 951 Calvus

344 993 605 1030 reformidabat
627 994 665 1028 in
690 993 836 1029 civitate
858 992 1035 1039 pollentes
1061 992 1235 1028 lacessere
1259 991 1342 1035 sed,
1357 991 1470 1028 libere
1497 991 1607 1039 profi-

344 1068 490 1103 tebatur
500 1096 509 1112 ,
525 1068 593 1103 sibi
608 1068 760 1103 liberam
776 1067 1041 1113 rempublicam
1056 1066 1170 1101 videri
1185 1067 1345 1113 periisse.
1376 1067 1605 1113 Quamquam

344 1144 513 1179 Vatinius
540 1155 605 1190 per
632 1143 847 1179 Ciceronem
875 1142 1062 1177 absolutus
1091 1145 1166 1187 est,
1195 1145 1319 1178 tamen
1349 1142 1480 1178 Calvus
1507 1141 1606 1177 nulla

342 1218 527 1263 oratione,
551 1229 662 1265 quam
690 1217 920 1253 accusatione
968 1216 1185 1262 Vatiniana,
1220 1216 1399 1263 majorem
1423 1217 1519 1264 apud
1547 1228 1607 1252 ae-

342 1294 467 1340 quales
507 1294 651 1329 videtur
702 1294 854 1340 gloriam
892 1296 1112 1330 consecutus
1169 1305 1258 1329 esse.
1311 1293 1449 1329 Seneca
1505 1293 1604 1329 enim

338 1369 464 1404 rhetor
493 1368 605 1404 tradit
622 1370 656 1414 ²,
694 1380 780 1405 eum
804 1372 880 1405 tam
904 1370 1167 1405 vehementem
1196 1372 1238 1404 ac
1267 1369 1466 1405 violentum
1495 1369 1605 1404 exsti-

339 1446 426 1480 tisse
449 1448 716 1490 accusatorem,
742 1449 782 1481 ut
807 1446 978 1482 Vatinius
1009 1446 1131 1481 media
1159 1447 1196 1481 in
1220 1447 1363 1481 actione
1387 1449 1553 1492 surgeret
1568 1449 1604 1482 et

339 1520 579 1555 exclamaret:
611 1520 738 1567 “Rogo
767 1532 831 1556 vos
854 1520 1017 1567 judices,
1056 1532 1162 1565 num,
1194 1521 1225 1557 si
1253 1521 1322 1556 iste
1350 1521 1507 1557 disertus
1535 1522 1602 1566 sit,

348 1596 453 1631 “ideo
477 1607 537 1631 me
561 1596 729 1631 damnari
754 1594 950 1643 oportet?'’
976 1596 1138 1631 Catullus
1163 1607 1307 1643 quoque
1321 1596 1377 1632 bis
1391 1597 1487 1632 hanc
1500 1608 1604 1633 caus-

339 1682 418 1706 sam
434 1672 897 1718 commemorat,primum
926 1671 964 1706 in
994 1683 1023 1706 c.
1056 1670 1128 1716 14,
1157 1671 1219 1706 ubi
1259 1670 1368 1707 Calvo
1401 1683 1467 1707 suo
1495 1672 1602 1717 dicit,

340 1747 411 1784 nisi
451 1758 534 1782 eum
571 1747 651 1793 plus
691 1747 804 1782 oculis
841 1747 917 1783 suis
942 1750 1103 1792 amaret,
1132 1748 1230 1792 fore,
1259 1751 1301 1782 ut
1344 1759 1428 1783 eum
1466 1747 1602 1783 odisset

340 1820 423 1856 odio
450 1821 668 1866 Vatiniano,
698 1822 784 1869 quia
822 1822 859 1856 in
902 1820 1154 1857 Saturnalium
1192 1821 1360 1857 libertate
1398 1822 1493 1858 dono
1530 1822 1599 1858 sibi

335 1897 497 1933 misisset
545 1897 726 1932 malorum
772 1897 936 1932 carmina
973 1897 1174 1933 multorum
1215 1900 1425 1944 poetarum3
1468 1898 1600 1934 deinde

334 1972 373 2007 in
410 1984 438 2008 c.
478 1972 550 2018 53,
593 1972 656 2008 ubi
698 1975 824 2008 narrat
861 1972 917 2008 vel
955 1972 1079 2019 fingit,
1118 1972 1163 2008 de
1199 1984 1311 2020 parva
1339 1973 1448 2009 amici
1471 1972 1600 2020 jocans

334 2050 494 2092 statura,
521 2047 709 2094 quendam
743 2047 788 2082 de
816 2039 939 2094 plebe,
971 2059 1084 2094 quum
1114 2048 1310 2083 mirificam
1339 2048 1439 2084 illam
1467 2049 1503 2084 in
1528 2049 1599 2084 Va-

339 2123 472 2158 tinium
498 2123 705 2158 orationem
731 2122 863 2159 Calvus
879 2122 1086 2168 habuisset,
1111 2122 1246 2159 dixisse
1260 2123 1503 2160 admirantem
1520 2135 1597 2160 ma-

338 2209 481 2244 nusque
505 2198 714 2233 tollentem:
746 2198 813 2232 “Di
840 2198 984 2244 magni,
1000 2196 1233 2245 salaputium
1249 2199 1459 2234 disertum.’‘
1476 2199 1598 2245 (Quod

339 2273 555 2310 vocabulum
581 2274 726 2310 criticos
746 2272 825 2321 jam
851 2272 913 2309 diu
937 2274 1043 2309 torsit
1066 2276 1122 2319 et,
1148 2273 1275 2320 eredo,
1291 2274 1503 2323 torquebit.)
1518 2274 1588 2311 Per

337 2360 472 2395 paucos
504 2352 650 2384 tantum
688 2361 804 2384 annos
833 2349 1052 2396 (secundum
1078 2349 1333 2385 Weichertum
1357 2362 1425 2397 per
1442 2353 1598 2397 quatuor

379 2513 385 2531 ¹
410 2510 492 2539 Inst.
517 2510 571 2540 Or.
597 2511 666 2548 IX,
691 2512 726 2548 3,
750 2512 767 2546 ἓ
791 2511 841 2540 56.
865 2511 914 2540 Cf.
938 2510 1115 2540 Weichert.
1138 2519 1168 2546 p.
1193 2512 1260 2540 114.

374 2573 385 2592 2
410 2572 564 2602 Controv.
588 2573 662 2608 III,
687 2573 733 2601 19.
757 2581 787 2608 p.
809 2573 877 2602 232.
901 2573 971 2608 Bip.
