1892 3007
791 240 842 276 95

196 365 294 400 tinis*
324 365 474 401 incitato
501 366 633 401 animo.
685 365 755 408 Qui
783 366 902 403 citatis
938 368 1036 415 cupit
1072 368 1232 404 celerare
1274 369 1441 416 tripudiis

195 452 269 476 non
296 443 372 476 tam
399 441 507 487 longa
535 442 699 477 oratione
726 443 876 478 retineri
903 454 942 478 se
970 444 1076 479 sinet.
1108 444 1208 479 Idem
1243 448 1317 489 est,
1349 445 1446 491 quod

197 516 253 552 vir
286 516 496 562 ingeniosus
533 517 571 551 in
600 516 781 553 Tollensio
812 521 939 554 nostro
969 519 1209 566 vituperavit,
1239 521 1301 567 qui
1330 520 1445 555 histo-

196 592 273 628 riae
299 594 447 628 nostrae
463 594 623 629 heroem
652 593 868 640 quemdam,
894 606 1007 641 quum
1035 595 1081 631 de
1109 595 1182 631 alta
1209 597 1301 631 turri
1326 596 1447 631 desili-

197 671 272 711 ret,
308 680 382 704 non
417 668 610 704 demittere
647 670 784 716 potuit,
826 670 897 705 nisi
940 671 1166 706 oratiuncula
1208 671 1254 706 ad
1296 672 1446 706 comites

197 744 286 779 satis
322 743 430 790 longa
468 743 606 779 habita,
648 744 834 780 Lubenter
885 746 1067 781 credimus
1111 745 1293 782 Catullum
1335 747 1448 793 probe

198 820 341 855 novisse
371 819 514 866 omnia,
544 830 637 866 quae
664 820 711 855 ad
735 800 886 867 Cybeles
914 832 1016 857 sacra
1040 822 1166 857 referri
1190 825 1356 868 possent,
1385 822 1450 857 sed

198 896 288 931 haec
326 907 370 931 ex
408 907 515 942 opere
553 896 820 943 mythologico,
857 897 974 944 magis
1003 908 1113 944 quam
1145 909 1164 932 e
1192 897 1255 932 tali
1285 898 1446 933 carmine

198 972 336 1008 discere
359 971 473 1019 juvat.
498 971 627 1019 Neque
650 974 766 1020 magis
790 985 855 1009 suo
879 973 956 1009 loco
980 973 1113 1020 legitur
1136 974 1330 1021 descriptio
1358 972 1451 1009 Solis

199 1048 369 1093 orientis,
415 1059 480 1095 per
525 1060 563 1084 se
618 1049 767 1095 quidem
813 1049 901 1084 satis
942 1049 1094 1095 pulchra
1149 1049 1213 1084 sed
1267 1060 1332 1096 pro
1384 1050 1453 1085 hoc

199 1123 360 1159 carmine
410 1124 520 1159 nimis
571 1124 746 1171 producta
789 1123 1001 1171 (39—42);
1046 1127 1082 1159 et
1124 1124 1257 1159 iterum
1304 1136 1452 1171 prorsus

199 1198 363 1245 displicet
399 1211 449 1234 vs.
489 1199 572 1235 432
602 1199 829 1246 “trepidante
866 1210 950 1234 eum
992 1195 1129 1245 recepit
1170 1199 1238 1234 dea
1279 1198 1450 1234 Pasithea

199 1274 316 1310 sinu.'’
345 1273 459 1310 Multo
490 1274 620 1310 melius
649 1275 794 1310 doctum
823 1276 922 1310 hunc
946 1286 1091 1311 versum
1117 1275 1297 1310 omisisset
1329 1274 1455 1311 Catulz

197 1350 263 1385 lus.
303 1350 364 1385 Sic
400 1350 560 1397 denique
597 1351 688 1385 mihi
725 1361 767 1386 ea
797 1362 880 1397 pars
910 1350 1082 1385 carminis
1111 1361 1184 1384 non
1212 1350 1348 1396 placet,
1377 1361 1449 1396 qua

200 1424 332 1474 Cybele
375 1426 516 1461 leonem
553 1425 780 1472 adloquitur,
829 1426 890 1472 qui
945 1425 1089 1461 “laevus
1131 1426 1269 1472 pecoris
1310 1426 1447 1461 hostis”

198 1501 396 1537 admodum
431 1486 598 1537 affectato
634 1502 850 1548 cognomine
887 1504 1045 1536 vocatur.
1089 1501 1196 1536 Hunc
1233 1501 1339 1547 jubet
1380 1501 1447 1536 dea

204 1576 293 1612 “sua
312 1577 464 1612 verbera
491 1577 600 1623 pati''.
634 1576 716 1612 Non
744 1576 830 1612 huic
855 1577 1015 1623 poemati
1044 1578 1133 1612 haec
1162 1577 1285 1612 omnia
1314 1588 1447 1612 conve-

198 1653 315 1687 niunt.
343 1651 439 1688 Satis
467 1630 570 1699 apta,
598 1652 686 1687 satis
715 1652 822 1688 docta
850 1652 997 1698 quidem
1025 1651 1213 1696 videntur,
1241 1651 1302 1687 sed
1329 1652 1445 1687 animi

200 1730 341 1763 motum
378 1727 587 1774 opprimunt
622 1727 762 1774 potius,
794 1738 904 1774 quam
932 1727 1112 1771 excitant,
1141 1726 1239 1773 quod
1268 1738 1314 1762 ne
1341 1730 1448 1774 poeta

201 1804 309 1838 faciat
336 1814 566 1849 summopere
595 1806 730 1838 caveat.
759 1802 912 1837 Tribuas
935 1802 1020 1837 licet
1047 1803 1137 1837 haec
1160 1802 1250 1836 vitia
1274 1803 1428 1848 tempori
1445 1830 1454 1847 ,

202 1890 274 1926 quo
311 1878 402 1914 vixit
441 1877 624 1923 Catullus,
675 1877 783 1913 modo
833 1877 1039 1913 confitearis
1096 1888 1175 1912 esse
1229 1877 1335 1921 vitia,
1377 1888 1450 1913 non

203 1954 434 2002 impugnabo.
490 1954 589 1990 Haec
631 1955 729 1990 enim
776 1957 956 2001 spectasse
1009 1953 1258 1989 Mommsenus
1308 1964 1453 1999 quoque

205 2030 296 2066 mihi
325 2030 488 2075 videtur,
527 2042 640 2077 quum
676 2041 823 2066 carmen
862 2028 1002 2074 LXIII,
1039 2029 1149 2064 nimis
1179 2040 1304 2064 severe
1332 2031 1453 2063 tamen

207 2107 312 2142 “eine
341 2106 590 2153 gedrechselte
618 2105 869 2152 Modepoesie’'
899 2105 1046 2140 diceret.
