<?xml version="1.0" encoding="UTF-8"?>
<!DOCTYPE html PUBLIC "-//W3C//DTD XHTML 1.0 Transitional//EN"
    "http://www.w3.org/TR/xhtml1/DTD/xhtml1-transitional.dtd">
<html xmlns="http://www.w3.org/1999/xhtml" xml:lang="en" lang="en">
 <head>
  <title>
</title>
<meta http-equiv="Content-Type" content="text/html;charset=utf-8" />
  <meta name='ocr-system' content='tesseract 3.04.00' />
  <meta name='ocr-capabilities' content='ocr_page ocr_carea ocr_par ocr_line ocrx_word'/>
</head>
<body>
  <div class='ocr_page' id='page_1' title='image "./4738081_0143.png"; bbox 0 0 1892 3007; ppageno 0'>
   <div class='ocr_carea' id='block_1_1' title="bbox 954 189 1033 225">
    <p class='ocr_par' dir='ltr' id='par_1_1' title="bbox 954 189 1033 225">
     <span class='ocr_line' id='line_1_1' title="bbox 954 189 1033 225; baseline 0 0"><span class='ocrx_word' id='word_1_1' title='bbox 954 189 1033 225; x_wconf 79' lang='lat'><strong>120</strong></span> 
     </span>
    </p>
   </div>
   <div class='ocr_carea' id='block_1_2' title="bbox 388 315 1655 1332">
    <p class='ocr_par' dir='ltr' id='par_1_2' title="bbox 388 315 1655 1332">
     <span class='ocr_line' id='line_1_2' title="bbox 388 315 1645 362; baseline 0.003 -13"><span class='ocrx_word' id='word_1_2' title='bbox 388 325 478 360; x_wconf 90' lang='lat' dir='ltr'><strong>que,</strong></span> <span class='ocrx_word' id='word_1_3' title='bbox 507 325 601 361; x_wconf 88' lang='lat' dir='ltr'><strong>quae</strong></span> <span class='ocrx_word' id='word_1_4' title='bbox 629 326 713 351; x_wconf 87' lang='lat' dir='ltr'><strong>cum</strong></span> <span class='ocrx_word' id='word_1_5' title='bbox 743 315 882 351; x_wconf 83' lang='lat' dir='ltr'>caussis</span> <span class='ocrx_word' id='word_1_6' title='bbox 911 315 1194 352; x_wconf 83' lang='lat' dir='ltr'><strong>inimicitiarum</strong></span> <span class='ocrx_word' id='word_1_7' title='bbox 1210 317 1364 353; x_wconf 88' lang='lat' dir='ltr'><strong>minime</strong></span> <span class='ocrx_word' id='word_1_8' title='bbox 1378 317 1645 362; x_wconf 79' lang='lat' dir='ltr'><strong>cohaerebant,</strong></span> 
     </span>
     <span class='ocr_line' id='line_1_3' title="bbox 390 388 1648 439; baseline 0.003 -15"><span class='ocrx_word' id='word_1_9' title='bbox 390 388 575 435; x_wconf 86' lang='lat' dir='ltr'><strong>objectare</strong></span> <span class='ocrx_word' id='word_1_10' title='bbox 603 401 677 425; x_wconf 87' lang='lat' dir='ltr'><strong>non</strong></span> <span class='ocrx_word' id='word_1_11' title='bbox 706 393 895 434; x_wconf 83' lang='lat' dir='ltr'><strong>vereatur,</strong></span> <span class='ocrx_word' id='word_1_12' title='bbox 924 390 1057 426; x_wconf 89' lang='lat' dir='ltr'><strong>oblitus</strong></span> <span class='ocrx_word' id='word_1_13' title='bbox 1087 391 1124 426; x_wconf 93' lang='lat' dir='ltr'><strong>in</strong></span> <span class='ocrx_word' id='word_1_14' title='bbox 1153 402 1192 426; x_wconf 90' lang='lat' dir='ltr'><strong>se</strong></span> <span class='ocrx_word' id='word_1_15' title='bbox 1220 391 1339 438; x_wconf 88' lang='lat' dir='ltr'><strong>ipsum</strong></span> <span class='ocrx_word' id='word_1_16' title='bbox 1368 403 1414 428; x_wconf 86' lang='lat' dir='ltr'><strong>ex</strong></span> <span class='ocrx_word' id='word_1_17' title='bbox 1438 391 1648 439; x_wconf 81' lang='lat' dir='ltr'><strong>hujusmodi</strong></span> 
     </span>
     <span class='ocr_line' id='line_1_4' title="bbox 390 464 1651 513; baseline 0.002 -14"><span class='ocrx_word' id='word_1_18' title='bbox 390 464 583 500; x_wconf 85' lang='lat' dir='ltr'><strong>calumniis</strong></span> <span class='ocrx_word' id='word_1_19' title='bbox 621 476 768 509; x_wconf 86' lang='lat' dir='ltr'><strong>eorum,</strong></span> <span class='ocrx_word' id='word_1_20' title='bbox 803 477 894 512; x_wconf 90' lang='lat' dir='ltr'><strong>quos</strong></span> <span class='ocrx_word' id='word_1_21' title='bbox 933 466 1053 513; x_wconf 88' lang='lat' dir='ltr'><strong>paullo</strong></span> <span class='ocrx_word' id='word_1_22' title='bbox 1084 469 1169 501; x_wconf 85' lang='lat' dir='ltr'><strong>ante</strong></span> <span class='ocrx_word' id='word_1_23' title='bbox 1198 467 1235 501; x_wconf 90' lang='lat' dir='ltr'><strong>in</strong></span> <span class='ocrx_word' id='word_1_24' title='bbox 1265 466 1468 502; x_wconf 85' lang='lat' dir='ltr'><strong>amicorum</strong></span> <span class='ocrx_word' id='word_1_25' title='bbox 1499 478 1651 502; x_wconf 88' lang='lat' dir='ltr'><strong>numero</strong></span> 
     </span>
     <span class='ocr_line' id='line_1_5' title="bbox 391 539 1651 592; baseline 0.002 -18"><span class='ocrx_word' id='word_1_26' title='bbox 391 539 570 574; x_wconf 84' lang='lat' dir='ltr'><strong>habuerat</strong></span> <span class='ocrx_word' id='word_1_27' title='bbox 598 540 780 575; x_wconf 83' lang='lat' dir='ltr'><strong>maculam</strong></span> <span class='ocrx_word' id='word_1_28' title='bbox 812 540 912 575; x_wconf 88' lang='lat' dir='ltr'><strong>haud</strong></span> <span class='ocrx_word' id='word_1_29' title='bbox 941 541 1163 576; x_wconf 88' lang='lat' dir='ltr'><strong>mediocrem</strong></span> <span class='ocrx_word' id='word_1_30' title='bbox 1192 541 1318 592; x_wconf 84' lang='lat' dir='ltr'><strong>relabi.</strong></span> <span class='ocrx_word' id='word_1_31' title='bbox 1348 540 1455 577; x_wconf 89' lang='lat' dir='ltr'><strong>Certe</strong></span> <span class='ocrx_word' id='word_1_32' title='bbox 1482 542 1651 589; x_wconf 87' lang='lat' dir='ltr'><strong>princeps</strong></span> 
     </span>
     <span class='ocr_line' id='line_1_6' title="bbox 392 614 1651 663; baseline 0.002 -14"><span class='ocrx_word' id='word_1_33' title='bbox 392 614 558 650; x_wconf 87' lang='lat' dir='ltr'><strong>aemulus</strong></span> <span class='ocrx_word' id='word_1_34' title='bbox 588 614 721 650; x_wconf 90' lang='lat' dir='ltr'><strong>Catulli</strong></span> <span class='ocrx_word' id='word_1_35' title='bbox 751 615 819 650; x_wconf 82' lang='lat' dir='ltr'><strong>fuit</strong></span> <span class='ocrx_word' id='word_1_36' title='bbox 850 614 970 651; x_wconf 84' lang='lat' dir='ltr'><strong>Rufus</strong></span> <span class='ocrx_word' id='word_1_37' title='bbox 1008 616 1087 660; x_wconf 89' lang='lat' dir='ltr'><strong>ille,</strong></span> <span class='ocrx_word' id='word_1_38' title='bbox 1117 616 1229 656; x_wconf 81' lang='lat' dir='ltr'><strong>alter,</strong></span> <span class='ocrx_word' id='word_1_39' title='bbox 1259 628 1369 663; x_wconf 77' lang='lat' dir='ltr'><strong>quem</strong></span> <span class='ocrx_word' id='word_1_40' title='bbox 1396 616 1515 662; x_wconf 82' lang='lat' dir='ltr'><strong>tangit</strong></span> <span class='ocrx_word' id='word_1_41' title='bbox 1538 628 1570 653; x_wconf 85' lang='lat' dir='ltr'><strong>c.</strong></span> <span class='ocrx_word' id='word_1_42' title='bbox 1602 615 1651 652; x_wconf 89' lang='grc'><strong>79</strong></span> 
     </span>
     <span class='ocr_line' id='line_1_7' title="bbox 393 688 1650 735; baseline 0.003 -13"><span class='ocrx_word' id='word_1_43' title='bbox 393 688 460 722; x_wconf 89' lang='lat' dir='ltr'><strong>sub</strong></span> <span class='ocrx_word' id='word_1_44' title='bbox 489 688 610 723; x_wconf 89' lang='lat' dir='ltr'><strong>Lesbii</strong></span> <span class='ocrx_word' id='word_1_45' title='bbox 639 690 800 724; x_wconf 83' lang='lat' dir='ltr'><strong>nomine.</strong></span> <span class='ocrx_word' id='word_1_46' title='bbox 832 689 949 731; x_wconf 86' lang='lat' dir='ltr'><strong>Quem</strong></span> <span class='ocrx_word' id='word_1_47' title='bbox 978 701 1051 724; x_wconf 86' lang='lat' dir='ltr'><strong>non</strong></span> <span class='ocrx_word' id='word_1_48' title='bbox 1081 693 1228 726; x_wconf 88' lang='lat' dir='ltr'><strong>veretur</strong></span> <span class='ocrx_word' id='word_1_49' title='bbox 1256 689 1471 735; x_wconf 86' lang='lat' dir='ltr'><strong>Schwabius</strong></span> <span class='ocrx_word' id='word_1_50' title='bbox 1490 690 1536 725; x_wconf 93' lang='lat' dir='ltr'><strong>ob</strong></span> <span class='ocrx_word' id='word_1_51' title='bbox 1551 691 1650 726; x_wconf 85' lang='lat' dir='ltr'><strong>illam</strong></span> 
     </span>
     <span class='ocr_line' id='line_1_8' title="bbox 394 762 1651 810; baseline 0.003 -13"><span class='ocrx_word' id='word_1_52' title='bbox 394 762 515 797; x_wconf 82' lang='lat' dir='ltr'><strong>Lesbii</strong></span> <span class='ocrx_word' id='word_1_53' title='bbox 560 763 891 809; x_wconf 84' lang='lat' dir='ltr'><strong>pulchritudinem,</strong></span> <span class='ocrx_word' id='word_1_54' title='bbox 945 764 983 799; x_wconf 94' lang='lat' dir='ltr'><strong>P.</strong></span> <span class='ocrx_word' id='word_1_55' title='bbox 1039 764 1206 800; x_wconf 90' lang='lat' dir='ltr'><strong>Clodium</strong></span> <span class='ocrx_word' id='word_1_56' title='bbox 1258 765 1456 801; x_wconf 90' lang='lat' dir='ltr'><strong>Pulchrum</strong></span> <span class='ocrx_word' id='word_1_57' title='bbox 1510 766 1651 810; x_wconf 88' lang='lat' dir='ltr'><strong>dicere,</strong></span> 
     </span>
     <span class='ocr_line' id='line_1_9' title="bbox 389 836 1652 888; baseline 0.003 -16"><span class='ocrx_word' id='word_1_58' title='bbox 389 836 556 882; x_wconf 84' lang='lat' dir='ltr'><strong>Clodiae,</strong></span> <span class='ocrx_word' id='word_1_59' title='bbox 590 849 701 885; x_wconf 88' lang='lat' dir='ltr'><strong>quam</strong></span> <span class='ocrx_word' id='word_1_60' title='bbox 742 839 852 874; x_wconf 80' lang='lat' dir='ltr'><strong>fuisse</strong></span> <span class='ocrx_word' id='word_1_61' title='bbox 892 838 1024 875; x_wconf 90' lang='lat' dir='ltr'><strong>Catulli</strong></span> <span class='ocrx_word' id='word_1_62' title='bbox 1062 840 1231 876; x_wconf 89' lang='lat' dir='ltr'><strong>Lesbiam</strong></span> <span class='ocrx_word' id='word_1_63' title='bbox 1269 841 1461 888; x_wconf 88' lang='lat' dir='ltr'><strong>opinatur,</strong></span> <span class='ocrx_word' id='word_1_64' title='bbox 1502 841 1652 876; x_wconf 84' lang='lat' dir='ltr'><strong>fratrem</strong></span> 
     </span>
     <span class='ocr_line' id='line_1_10' title="bbox 392 913 1655 963; baseline 0.002 -16"><span class='ocrx_word' id='word_1_65' title='bbox 392 924 620 958; x_wconf 81' lang='lat' dir='ltr'><strong>germanum.</strong></span> <span class='ocrx_word' id='word_1_66' title='bbox 660 913 804 949; x_wconf 87' lang='lat' dir='ltr'><strong>Tertius</strong></span> <span class='ocrx_word' id='word_1_67' title='bbox 841 917 970 961; x_wconf 85' lang='lat' dir='ltr'><strong>poetae</strong></span> <span class='ocrx_word' id='word_1_68' title='bbox 1019 915 1183 951; x_wconf 85' lang='lat' dir='ltr'><strong>aemulus</strong></span> <span class='ocrx_word' id='word_1_69' title='bbox 1225 916 1294 951; x_wconf 89' lang='lat' dir='ltr'><strong>fuit</strong></span> <span class='ocrx_word' id='word_1_70' title='bbox 1337 915 1495 960; x_wconf 87' lang='lat' dir='ltr'><strong>Gellius,</strong></span> <span class='ocrx_word' id='word_1_71' title='bbox 1547 927 1655 963; x_wconf 89' lang='lat' dir='ltr'><strong>quem</strong></span> 
     </span>
     <span class='ocr_line' id='line_1_11' title="bbox 389 988 1646 1036; baseline 0.002 -15"><span class='ocrx_word' id='word_1_72' title='bbox 389 990 529 1033; x_wconf 86' lang='lat' dir='ltr'><strong>septem</strong></span> <span class='ocrx_word' id='word_1_73' title='bbox 568 988 703 1034; x_wconf 85' lang='lat' dir='ltr'><strong>carpsit</strong></span> <span class='ocrx_word' id='word_1_74' title='bbox 742 988 986 1033; x_wconf 84' lang='lat' dir='ltr'><strong>carminibus,</strong></span> <span class='ocrx_word' id='word_1_75' title='bbox 1026 1001 1180 1035; x_wconf 87' lang='lat' dir='ltr'><strong>quorum</strong></span> <span class='ocrx_word' id='word_1_76' title='bbox 1211 1001 1344 1036; x_wconf 82' lang='lat' dir='ltr'><strong>agmen</strong></span> <span class='ocrx_word' id='word_1_77' title='bbox 1372 990 1504 1026; x_wconf 87' lang='lat' dir='ltr'><strong>ducere</strong></span> <span class='ocrx_word' id='word_1_78' title='bbox 1547 990 1646 1025; x_wconf 88' lang='lat' dir='ltr'><strong>vide-</strong></span> 
     </span>
     <span class='ocr_line' id='line_1_12' title="bbox 390 1062 1653 1111; baseline 0.003 -15"><span class='ocrx_word' id='word_1_79' title='bbox 390 1064 451 1096; x_wconf 89' lang='lat' dir='ltr'><strong>tur</strong></span> <span class='ocrx_word' id='word_1_80' title='bbox 492 1073 640 1097; x_wconf 88' lang='lat' dir='ltr'><strong>carmen</strong></span> <span class='ocrx_word' id='word_1_81' title='bbox 682 1062 761 1098; x_wconf 87' lang='grc'><strong>116</strong></span> <span class='ocrx_word' id='word_1_82' title='bbox 772 1075 781 1106; x_wconf 89' lang='grc'><strong>;</strong></span> <span class='ocrx_word' id='word_1_83' title='bbox 819 1064 960 1110; x_wconf 84' lang='lat' dir='ltr'><strong>reliqua</strong></span> <span class='ocrx_word' id='word_1_84' title='bbox 1002 1064 1040 1099; x_wconf 91' lang='lat' dir='ltr'><strong>id</strong></span> <span class='ocrx_word' id='word_1_85' title='bbox 1082 1064 1220 1110; x_wconf 89' lang='lat' dir='ltr'><strong>ipsum,</strong></span> <span class='ocrx_word' id='word_1_86' title='bbox 1260 1064 1423 1111; x_wconf 31' lang='lat' dir='ltr'><strong>quodvin</strong></span> <span class='ocrx_word' id='word_1_87' title='bbox 1463 1065 1533 1100; x_wconf 92' lang='lat' dir='ltr'><strong>hoc</strong></span> <span class='ocrx_word' id='word_1_88' title='bbox 1575 1075 1653 1099; x_wconf 87' lang='lat' dir='ltr'><strong>car-</strong></span> 
     </span>
     <span class='ocr_line' id='line_1_13' title="bbox 396 1136 1647 1185; baseline 0.002 -15"><span class='ocrx_word' id='word_1_89' title='bbox 396 1136 497 1171; x_wconf 92' lang='lat' dir='ltr'><strong>mine</strong></span> <span class='ocrx_word' id='word_1_90' title='bbox 536 1136 651 1172; x_wconf 87' lang='lat' dir='ltr'><strong>Gellio</strong></span> <span class='ocrx_word' id='word_1_91' title='bbox 689 1137 850 1173; x_wconf 86' lang='lat' dir='ltr'><strong>minatus</strong></span> <span class='ocrx_word' id='word_1_92' title='bbox 887 1141 943 1173; x_wconf 89' lang='lat' dir='ltr'><strong>est</strong></span> <span class='ocrx_word' id='word_1_93' title='bbox 981 1137 1164 1182; x_wconf 86' lang='lat' dir='ltr'><strong>Catullus,</strong></span> <span class='ocrx_word' id='word_1_94' title='bbox 1193 1138 1388 1185; x_wconf 88' lang='lat' dir='ltr'><strong>perficiunt</strong></span> <span class='ocrx_word' id='word_1_95' title='bbox 1417 1138 1545 1185; x_wconf 90' lang='lat' dir='ltr'><strong>(carm.</strong></span> <span class='ocrx_word' id='word_1_96' title='bbox 1577 1137 1647 1182; x_wconf 87' lang='lat'><strong>74,</strong></span> 
     </span>
     <span class='ocr_line' id='line_1_14' title="bbox 401 1210 1652 1260; baseline 0.003 -15"><span class='ocrx_word' id='word_1_97' title='bbox 401 1210 472 1255; x_wconf 88' lang='lat'><strong>80,</strong></span> <span class='ocrx_word' id='word_1_98' title='bbox 511 1210 582 1255; x_wconf 85' lang='lat'><strong>88,</strong></span> <span class='ocrx_word' id='word_1_99' title='bbox 622 1211 693 1256; x_wconf 87' lang='lat'><strong>89,</strong></span> <span class='ocrx_word' id='word_1_100' title='bbox 731 1212 802 1256; x_wconf 88' lang='grc'><strong>90,</strong></span> <span class='ocrx_word' id='word_1_101' title='bbox 842 1212 920 1260; x_wconf 85' lang='grc'><strong>91).</strong></span> <span class='ocrx_word' id='word_1_102' title='bbox 961 1213 1086 1255; x_wconf 87' lang='lat' dir='ltr'><strong>Qualis</strong></span> <span class='ocrx_word' id='word_1_103' title='bbox 1124 1224 1167 1248; x_wconf 92' lang='lat' dir='ltr'><strong>eo</strong></span> <span class='ocrx_word' id='word_1_104' title='bbox 1204 1216 1368 1260; x_wconf 89' lang='lat' dir='ltr'><strong>tempore</strong></span> <span class='ocrx_word' id='word_1_105' title='bbox 1395 1214 1555 1249; x_wconf 90' lang='lat' dir='ltr'><strong>conditio</strong></span> <span class='ocrx_word' id='word_1_106' title='bbox 1584 1213 1652 1249; x_wconf 86' lang='lat' dir='ltr'><strong>Ca-</strong></span> 
     </span>
     <span class='ocr_line' id='line_1_15' title="bbox 398 1268 1346 1332; baseline 0.003 -11"><span class='ocrx_word' id='word_1_107' title='bbox 398 1285 477 1321; x_wconf 90' lang='lat' dir='ltr'><strong>tulli</strong></span> <span class='ocrx_word' id='word_1_108' title='bbox 506 1289 601 1322; x_wconf 87' lang='lat' dir='ltr'><strong>esset</strong></span> <span class='ocrx_word' id='word_1_109' title='bbox 629 1287 763 1332; x_wconf 89' lang='lat' dir='ltr'><strong>animi,</strong></span> <span class='ocrx_word' id='word_1_110' title='bbox 792 1288 880 1323; x_wconf 87' lang='lat' dir='ltr'><strong>satis</strong></span> <span class='ocrx_word' id='word_1_111' title='bbox 908 1288 1069 1324; x_wconf 87' lang='lat' dir='ltr'><strong>declarat</strong></span> <span class='ocrx_word' id='word_1_112' title='bbox 1096 1268 1244 1324; x_wconf 84' lang='lat' dir='ltr'><strong>carmen</strong></span> <span class='ocrx_word' id='word_1_113' title='bbox 1275 1287 1346 1324; x_wconf 86' lang='lat'><strong>85:</strong></span> 
     </span>
    </p>
   </div>
   <div class='ocr_carea' id='block_1_3' title="bbox 573 1455 1474 1555">
    <p class='ocr_par' dir='ltr' id='par_1_3' title="bbox 573 1455 1474 1555">
     <span class='ocr_line' id='line_1_16' title="bbox 573 1455 1474 1492; baseline 0 -7"><span class='ocrx_word' id='word_1_114' title='bbox 573 1455 655 1485; x_wconf 81' lang='lat' dir='ltr'><strong>“Odi</strong></span> <span class='ocrx_word' id='word_1_115' title='bbox 678 1456 711 1484; x_wconf 89' lang='lat' dir='ltr'><strong>et</strong></span> <span class='ocrx_word' id='word_1_116' title='bbox 731 1463 821 1491; x_wconf 84' lang='lat' dir='ltr'><strong>amo;</strong></span> <span class='ocrx_word' id='word_1_117' title='bbox 845 1464 944 1492; x_wconf 82' lang='lat' dir='ltr'><strong>quare</strong></span> <span class='ocrx_word' id='word_1_118' title='bbox 966 1456 998 1485; x_wconf 87' lang='lat' dir='ltr'><strong>id</strong></span> <span class='ocrx_word' id='word_1_119' title='bbox 1020 1457 1132 1485; x_wconf 83' lang='lat' dir='ltr'><strong>faciam</strong></span> <span class='ocrx_word' id='word_1_120' title='bbox 1156 1458 1293 1486; x_wconf 68' lang='lat' dir='ltr'><strong>fortasse</strong></span> <span class='ocrx_word' id='word_1_121' title='bbox 1315 1456 1474 1492; x_wconf 77' lang='lat' dir='ltr'><strong>requiris?</strong></span> 
     </span>
     <span class='ocr_line' id='line_1_17' title="bbox 617 1517 1359 1555; baseline -0.001 -9"><span class='ocrx_word' id='word_1_122' title='bbox 617 1517 771 1553; x_wconf 61' lang='lat' dir='ltr'><strong>“Nescim</strong></span> <span class='ocrx_word' id='word_1_123' title='bbox 792 1517 849 1546; x_wconf 84' lang='lat' dir='ltr'><strong>sed</strong></span> <span class='ocrx_word' id='word_1_124' title='bbox 870 1518 939 1546; x_wconf 85' lang='lat' dir='ltr'><strong>fleri</strong></span> <span class='ocrx_word' id='word_1_125' title='bbox 961 1518 1086 1555; x_wconf 79' lang='lat' dir='ltr'><strong>sentio,</strong></span> <span class='ocrx_word' id='word_1_126' title='bbox 1106 1519 1139 1547; x_wconf 86' lang='lat' dir='ltr'><strong>et</strong></span> <span class='ocrx_word' id='word_1_127' title='bbox 1161 1517 1359 1547; x_wconf 78' lang='lat' dir='ltr'><strong>excrucior.&#39;&#39;</strong></span> 
     </span>
    </p>
   </div>
   <div class='ocr_carea' id='block_1_4' title="bbox 396 1675 1654 2477">
    <p class='ocr_par' dir='ltr' id='par_1_4' title="bbox 396 1675 1649 1878">
     <span class='ocr_line' id='line_1_18' title="bbox 450 1675 1647 1723; baseline 0 -12"><span class='ocrx_word' id='word_1_128' title='bbox 450 1675 554 1718; x_wconf 90' lang='lat' dir='ltr'><strong>Quod</strong></span> <span class='ocrx_word' id='word_1_129' title='bbox 590 1676 817 1723; x_wconf 87' lang='lat' dir='ltr'><strong>epigramma</strong></span> <span class='ocrx_word' id='word_1_130' title='bbox 854 1676 1124 1723; x_wconf 89' lang='lat' dir='ltr'><strong>quodammodo</strong></span> <span class='ocrx_word' id='word_1_131' title='bbox 1152 1675 1248 1711; x_wconf 92' lang='lat' dir='ltr'><strong>tituli</strong></span> <span class='ocrx_word' id='word_1_132' title='bbox 1276 1676 1354 1712; x_wconf 93' lang='lat' dir='ltr'><strong>loco</strong></span> <span class='ocrx_word' id='word_1_133' title='bbox 1381 1676 1554 1723; x_wconf 88' lang='lat' dir='ltr'><strong>praeponi</strong></span> <span class='ocrx_word' id='word_1_134' title='bbox 1584 1688 1647 1723; x_wconf 92' lang='lat' dir='ltr'><strong>po-</strong></span> 
     </span>
     <span class='ocr_line' id='line_1_19' title="bbox 396 1751 1649 1798; baseline -0.001 -11"><span class='ocrx_word' id='word_1_135' title='bbox 396 1755 467 1787; x_wconf 87' lang='lat' dir='ltr'><strong>test</strong></span> <span class='ocrx_word' id='word_1_136' title='bbox 504 1752 674 1787; x_wconf 87' lang='lat' dir='ltr'><strong>omnibus</strong></span> <span class='ocrx_word' id='word_1_137' title='bbox 710 1752 781 1786; x_wconf 90' lang='lat' dir='ltr'><strong>illis</strong></span> <span class='ocrx_word' id='word_1_138' title='bbox 818 1752 1061 1795; x_wconf 88' lang='lat' dir='ltr'><strong>carminibus,</strong></span> <span class='ocrx_word' id='word_1_139' title='bbox 1099 1763 1193 1798; x_wconf 84' lang='lat' dir='ltr'><strong>quae</strong></span> <span class='ocrx_word' id='word_1_140' title='bbox 1232 1751 1394 1787; x_wconf 86' lang='lat' dir='ltr'><strong>Catullus</strong></span> <span class='ocrx_word' id='word_1_141' title='bbox 1415 1763 1479 1797; x_wconf 90' lang='lat' dir='ltr'><strong>per</strong></span> <span class='ocrx_word' id='word_1_142' title='bbox 1507 1755 1649 1797; x_wconf 90' lang='lat' dir='ltr'><strong>tempus</strong></span> 
     </span>
     <span class='ocr_line' id='line_1_20' title="bbox 396 1826 1430 1878; baseline -0.002 -16"><span class='ocrx_word' id='word_1_143' title='bbox 396 1826 540 1862; x_wconf 91' lang='lat' dir='ltr'><strong>discidii</strong></span> <span class='ocrx_word' id='word_1_144' title='bbox 567 1827 665 1862; x_wconf 87' lang='lat' dir='ltr'><strong>inter</strong></span> <span class='ocrx_word' id='word_1_145' title='bbox 692 1829 859 1861; x_wconf 84' lang='lat' dir='ltr'><strong>amantes</strong></span> <span class='ocrx_word' id='word_1_146' title='bbox 889 1826 958 1861; x_wconf 87' lang='lat' dir='ltr'><strong>orti</strong></span> <span class='ocrx_word' id='word_1_147' title='bbox 986 1826 1140 1873; x_wconf 89' lang='lat' dir='ltr'><strong>scripsit.</strong></span> <span class='ocrx_word' id='word_1_148' title='bbox 1427 1875 1430 1878; x_wconf 16' lang='lat' dir='ltr'>y</span> 
     </span>
    </p>

    <p class='ocr_par' dir='ltr' id='par_1_5' title="bbox 398 1879 1654 2477">
     <span class='ocr_line' id='line_1_21' title="bbox 451 1879 1648 1948; baseline -0.001 -12"><span class='ocrx_word' id='word_1_149' title='bbox 451 1902 624 1938; x_wconf 84' lang='lat' dir='ltr'><strong>Nondum</strong></span> <span class='ocrx_word' id='word_1_150' title='bbox 653 1904 776 1936; x_wconf 88' lang='lat' dir='ltr'><strong>tamen</strong></span> <span class='ocrx_word' id='word_1_151' title='bbox 805 1912 827 1936; x_wconf 89' lang='lat' dir='ltr'><strong>a</strong></span> <span class='ocrx_word' id='word_1_152' title='bbox 849 1912 888 1936; x_wconf 89' lang='lat' dir='ltr'><strong>se</strong></span> <span class='ocrx_word' id='word_1_153' title='bbox 916 1901 993 1948; x_wconf 91' lang='lat' dir='ltr'><strong>ipso</strong></span> <span class='ocrx_word' id='word_1_154' title='bbox 1022 1901 1217 1948; x_wconf 89' lang='lat' dir='ltr'><strong>impetrare</strong></span> <span class='ocrx_word' id='word_1_155' title='bbox 1243 1901 1380 1947; x_wconf 87' lang='lat' dir='ltr'><strong>potuit,</strong></span> <span class='ocrx_word' id='word_1_156' title='bbox 1410 1879 1451 1935; x_wconf 75' lang='lat' dir='ltr'><strong>ut</strong></span> <span class='ocrx_word' id='word_1_157' title='bbox 1481 1900 1648 1936; x_wconf 88' lang='lat' dir='ltr'><strong>Clodiam</strong></span> 
     </span>
     <span class='ocr_line' id='line_1_22' title="bbox 398 1975 1651 2023; baseline -0.002 -10"><span class='ocrx_word' id='word_1_158' title='bbox 398 1978 601 2022; x_wconf 88' lang='lat' dir='ltr'><strong>desereret,</strong></span> <span class='ocrx_word' id='word_1_159' title='bbox 635 1977 698 2013; x_wconf 90' lang='lat' dir='ltr'><strong>sed</strong></span> <span class='ocrx_word' id='word_1_160' title='bbox 736 1977 808 2013; x_wconf 89' lang='lat' dir='ltr'><strong>tela</strong></span> <span class='ocrx_word' id='word_1_161' title='bbox 838 1978 877 2013; x_wconf 91' lang='lat' dir='ltr'><strong>in</strong></span> <span class='ocrx_word' id='word_1_162' title='bbox 904 1976 985 2023; x_wconf 89' lang='lat' dir='ltr'><strong>ejus</strong></span> <span class='ocrx_word' id='word_1_163' title='bbox 1014 1976 1300 2013; x_wconf 86' lang='lat' dir='ltr'><strong>innumerabiles</strong></span> <span class='ocrx_word' id='word_1_164' title='bbox 1327 1979 1508 2012; x_wconf 87' lang='lat' dir='ltr'><strong>amatores</strong></span> <span class='ocrx_word' id='word_1_165' title='bbox 1538 1975 1651 2023; x_wconf 89' lang='lat' dir='ltr'><strong>conji-</strong></span> 
     </span>
     <span class='ocr_line' id='line_1_23' title="bbox 398 2051 1654 2099; baseline -0.001 -12"><span class='ocrx_word' id='word_1_166' title='bbox 398 2064 480 2088; x_wconf 87' lang='lat' dir='ltr'><strong>cere</strong></span> <span class='ocrx_word' id='word_1_167' title='bbox 509 2053 689 2099; x_wconf 83' lang='lat' dir='ltr'><strong>perrexit,</strong></span> <span class='ocrx_word' id='word_1_168' title='bbox 718 2053 830 2088; x_wconf 89' lang='lat' dir='ltr'><strong>veluti</strong></span> <span class='ocrx_word' id='word_1_169' title='bbox 859 2053 897 2087; x_wconf 92' lang='lat' dir='ltr'><strong>in</strong></span> <span class='ocrx_word' id='word_1_170' title='bbox 928 2053 1089 2088; x_wconf 88' lang='lat' dir='ltr'><strong>carmine</strong></span> <span class='ocrx_word' id='word_1_171' title='bbox 1118 2051 1187 2087; x_wconf 88' lang='lat'><strong>37:</strong></span> <span class='ocrx_word' id='word_1_172' title='bbox 1217 2051 1351 2087; x_wconf 81' lang='lat' dir='ltr'><strong>“Salax</strong></span> <span class='ocrx_word' id='word_1_173' title='bbox 1374 2051 1549 2095; x_wconf 84' lang='lat' dir='ltr'><strong>taberna,</strong></span> <span class='ocrx_word' id='word_1_174' title='bbox 1573 2062 1654 2086; x_wconf 85' lang='lat' dir='ltr'><strong>vos-</strong></span> 
     </span>
     <span class='ocr_line' id='line_1_24' title="bbox 398 2126 1652 2175; baseline -0.002 -11"><span class='ocrx_word' id='word_1_175' title='bbox 398 2140 470 2175; x_wconf 88' lang='lat' dir='ltr'><strong>que</strong></span> <span class='ocrx_word' id='word_1_176' title='bbox 500 2128 799 2164; x_wconf 84' lang='lat' dir='ltr'><strong>contubernales&#39;’</strong></span> <span class='ocrx_word' id='word_1_177' title='bbox 812 2156 821 2173; x_wconf 87' lang='lat'>‚</span> <span class='ocrx_word' id='word_1_178' title='bbox 851 2140 871 2163; x_wconf 87' lang='lat' dir='ltr'><strong>e</strong></span> <span class='ocrx_word' id='word_1_179' title='bbox 900 2127 1032 2175; x_wconf 89' lang='lat' dir='ltr'><strong>quibus</strong></span> <span class='ocrx_word' id='word_1_180' title='bbox 1061 2127 1258 2174; x_wconf 84' lang='lat' dir='ltr'><strong>Egnatium</strong></span> <span class='ocrx_word' id='word_1_181' title='bbox 1287 2127 1471 2174; x_wconf 89' lang='lat' dir='ltr'><strong>quendam</strong></span> <span class='ocrx_word' id='word_1_182' title='bbox 1495 2126 1652 2162; x_wconf 88' lang='lat' dir='ltr'><strong>Celtibe-</strong></span> 
     </span>
     <span class='ocr_line' id='line_1_25' title="bbox 398 2201 1653 2250; baseline -0.002 -12"><span class='ocrx_word' id='word_1_183' title='bbox 398 2215 481 2238; x_wconf 89' lang='lat' dir='ltr'><strong>rum</strong></span> <span class='ocrx_word' id='word_1_184' title='bbox 518 2204 704 2247; x_wconf 89' lang='lat' dir='ltr'><strong>nominat,</strong></span> <span class='ocrx_word' id='word_1_185' title='bbox 744 2214 853 2250; x_wconf 86' lang='lat' dir='ltr'><strong>quem</strong></span> <span class='ocrx_word' id='word_1_186' title='bbox 891 2204 930 2238; x_wconf 92' lang='lat' dir='ltr'><strong>in</strong></span> <span class='ocrx_word' id='word_1_187' title='bbox 962 2203 1125 2238; x_wconf 88' lang='lat' dir='ltr'><strong>carmine</strong></span> <span class='ocrx_word' id='word_1_188' title='bbox 1153 2202 1205 2238; x_wconf 87' lang='lat'><strong>39</strong></span> <span class='ocrx_word' id='word_1_189' title='bbox 1233 2213 1396 2248; x_wconf 85' lang='lat' dir='ltr'><strong>quoque:</strong></span> <span class='ocrx_word' id='word_1_190' title='bbox 1431 2201 1653 2248; x_wconf 84' lang='lat' dir='ltr'><strong>“Egnatius,</strong></span> 
     </span>
     <span class='ocr_line' id='line_1_26' title="bbox 399 2277 1651 2326; baseline -0.002 -11"><span class='ocrx_word' id='word_1_191' title='bbox 399 2279 498 2326; x_wconf 91' lang='lat' dir='ltr'><strong>quod</strong></span> <span class='ocrx_word' id='word_1_192' title='bbox 526 2279 700 2315; x_wconf 88' lang='lat' dir='ltr'><strong>candidos</strong></span> <span class='ocrx_word' id='word_1_193' title='bbox 725 2278 836 2315; x_wconf 87' lang='lat' dir='ltr'><strong>habet</strong></span> <span class='ocrx_word' id='word_1_194' title='bbox 862 2279 1011 2314; x_wconf 87' lang='lat' dir='ltr'><strong>dentes&#39;&#39;</strong></span> <span class='ocrx_word' id='word_1_195' title='bbox 1036 2278 1154 2325; x_wconf 90' lang='lat' dir='ltr'><strong>lepide</strong></span> <span class='ocrx_word' id='word_1_196' title='bbox 1178 2277 1375 2314; x_wconf 89' lang='lat' dir='ltr'><strong>admodum</strong></span> <span class='ocrx_word' id='word_1_197' title='bbox 1391 2277 1535 2324; x_wconf 87' lang='lat' dir='ltr'><strong>carpsit.</strong></span> <span class='ocrx_word' id='word_1_198' title='bbox 1553 2277 1651 2312; x_wconf 88' lang='lat' dir='ltr'><strong>Jam-</strong></span> 
     </span>
     <span class='ocr_line' id='line_1_27' title="bbox 399 2352 1653 2402; baseline -0.003 -11"><span class='ocrx_word' id='word_1_199' title='bbox 399 2355 537 2391; x_wconf 87' lang='lat' dir='ltr'><strong>dudum</strong></span> <span class='ocrx_word' id='word_1_200' title='bbox 576 2355 689 2402; x_wconf 82' lang='lat' dir='ltr'><strong>igitur</strong></span> <span class='ocrx_word' id='word_1_201' title='bbox 722 2355 846 2391; x_wconf 89' lang='lat' dir='ltr'><strong>omnia</strong></span> <span class='ocrx_word' id='word_1_202' title='bbox 875 2354 1101 2399; x_wconf 88' lang='lat' dir='ltr'><strong>clamabant,</strong></span> <span class='ocrx_word' id='word_1_203' title='bbox 1131 2353 1316 2398; x_wconf 88' lang='lat' dir='ltr'><strong>Clodiam,</strong></span> <span class='ocrx_word' id='word_1_204' title='bbox 1344 2352 1414 2388; x_wconf 90' lang='lat' dir='ltr'><strong>vile</strong></span> <span class='ocrx_word' id='word_1_205' title='bbox 1441 2355 1603 2388; x_wconf 86' lang='lat' dir='ltr'><strong>scortum</strong></span> <span class='ocrx_word' id='word_1_206' title='bbox 1632 2363 1653 2387; x_wconf 89' lang='lat' dir='ltr'><strong>a</strong></span> 
     </span>
     <span class='ocr_line' id='line_1_28' title="bbox 401 2428 1653 2477; baseline -0.002 -11"><span class='ocrx_word' id='word_1_207' title='bbox 401 2431 542 2467; x_wconf 90' lang='lat' dir='ltr'><strong>Catullo</strong></span> <span class='ocrx_word' id='word_1_208' title='bbox 571 2431 813 2467; x_wconf 85' lang='lat' dir='ltr'><strong>deserendam</strong></span> <span class='ocrx_word' id='word_1_209' title='bbox 845 2442 934 2466; x_wconf 89' lang='lat' dir='ltr'><strong>esse.</strong></span> <span class='ocrx_word' id='word_1_210' title='bbox 961 2431 1073 2466; x_wconf 86' lang='lat' dir='ltr'><strong>Poeta</strong></span> <span class='ocrx_word' id='word_1_211' title='bbox 1097 2431 1173 2477; x_wconf 85' lang='lat' dir='ltr'><strong>ipse</strong></span> <span class='ocrx_word' id='word_1_212' title='bbox 1197 2430 1345 2466; x_wconf 87' lang='lat' dir='ltr'><strong>tandem</strong></span> <span class='ocrx_word' id='word_1_213' title='bbox 1369 2428 1568 2473; x_wconf 85' lang='lat' dir='ltr'><strong>intellexit,</strong></span> <span class='ocrx_word' id='word_1_214' title='bbox 1593 2440 1653 2472; x_wconf 89' lang='lat' dir='ltr'><strong>se,</strong></span> 
     </span>
    </p>
   </div>
   <div class='ocr_carea' id='block_1_5' title="bbox 398 2502 1651 2552">
    <p class='ocr_par' dir='ltr' id='par_1_6' title="bbox 398 2502 1651 2552">
     <span class='ocr_line' id='line_1_29' title="bbox 398 2502 1651 2552; baseline -0.002 -11"><span class='ocrx_word' id='word_1_215' title='bbox 398 2516 470 2552; x_wconf 90' lang='lat' dir='ltr'><strong>quo</strong></span> <span class='ocrx_word' id='word_1_216' title='bbox 507 2506 643 2541; x_wconf 88' lang='lat' dir='ltr'><strong>diutius</strong></span> <span class='ocrx_word' id='word_1_217' title='bbox 681 2517 764 2541; x_wconf 92' lang='lat' dir='ltr'><strong>cum</strong></span> <span class='ocrx_word' id='word_1_218' title='bbox 804 2505 934 2541; x_wconf 88' lang='lat' dir='ltr'><strong>Lesbia</strong></span> <span class='ocrx_word' id='word_1_219' title='bbox 972 2505 1219 2540; x_wconf 81' lang='lat' dir='ltr'><strong>familiaritate</strong></span> <span class='ocrx_word' id='word_1_220' title='bbox 1248 2503 1406 2550; x_wconf 91' lang='lat' dir='ltr'><strong>quadam</strong></span> <span class='ocrx_word' id='word_1_221' title='bbox 1435 2502 1651 2549; x_wconf 89' lang='lat' dir='ltr'><strong>conjunctus</strong></span> 
     </span>
    </p>
   </div>
  </div>
 </body>
</html>
