1892 3007
860 251 912 290 35

266 379 357 418 dum
379 393 463 418 cum
483 382 561 429 ipsa
584 382 751 418 libertate
775 382 952 428 periisset.
977 381 1053 417 Nec
1072 385 1153 429 post
1181 381 1425 418 Menandrum
1453 381 1515 429 qui

267 457 417 503 vixerit,
465 458 569 495 facile
610 458 826 506 scriptorem
867 457 1048 494 Graecum
1085 458 1271 504 invenies,
1316 470 1425 506 quem
1468 458 1519 493 illi

267 534 410 580 antiqui
436 534 695 569 Romanorum
731 537 860 580 poetae
895 534 1062 581 exemplo
1100 534 1170 570 sibi
1206 537 1426 569 sumserunt.
1474 534 1522 568 At

268 609 307 646 id
326 608 436 646 fiebat
456 608 571 646 libera
591 603 903 657 republica'quum
918 612 1014 645 esset
1027 609 1166 657 aliquid
1181 610 1296 646 civem
1313 609 1521 645 Romanum

270 694 373 729 esta,
398 684 516 731 iisque
553 696 633 720 esse
659 684 901 731 adscriptum,
930 685 992 731 qui
1021 685 1136 720 latum
1164 685 1382 720 exercebant
1410 686 1523 731 impe-

270 760 365 795 rium
389 761 428 795 in
451 760 529 796 diae
548 764 707 796 auctum.
738 760 841 796 Tunc
864 761 926 807 qui
955 772 1028 796 non
1057 761 1145 796 civis
1176 761 1363 796 Romanus
1387 762 1523 807 optimo

265 833 351 881 jure
382 838 482 880 erat,
519 835 648 871 eodem
686 835 795 871 modo
834 835 973 872 civibus
1000 835 1268 883 opponebatur,
1305 839 1347 871 ut
1379 835 1523 871 barbari

272 910 359 946 olim
402 910 560 946 Graecis.

327 985 377 1020 At
387 986 510 1032 omnia
523 985 663 1022 Romae
673 986 776 1034 lapsu
785 986 958 1034 temporis
968 989 1109 1022 mutata
1119 989 1215 1022 sunt.
1227 986 1393 1022 Libertas
1409 985 1522 1022 Grae—

272 1073 398 1097 corum
421 1062 501 1108 jam
529 1063 616 1101 olim
639 1074 752 1098 manu
775 1074 905 1109 regum
931 1062 1168 1098 Macedonum
1198 1063 1375 1109 perierat,
1405 1073 1518 1108 quum

276 1135 455 1181 Romani,
480 1137 542 1184 qui
564 1137 725 1184 primum
747 1137 906 1184 speciem
930 1138 1116 1182 αὐτονομίας
1141 1136 1330 1184 cujusdam
1346 1138 1379 1172 ei
1393 1136 1524 1184 populo

274 1211 500 1247 donaverant
509 1240 518 1257 ‚
539 1224 561 1248 a
575 1224 646 1259 quo
661 1213 801 1248 litteras
813 1224 898 1248 suas
912 1214 1151 1259 accepissent,
1168 1213 1236 1259 ipsi
1250 1213 1524 1256 intellexerunt,

273 1286 364 1323 adeo
399 1298 422 1322 a
454 1287 653 1334 majoribus
682 1287 839 1323 Graecos
876 1287 1136 1334 degenerasse,
1164 1290 1206 1323 ut
1232 1299 1272 1323 se
1299 1288 1367 1335 ipsi
1394 1298 1521 1334 regere

271 1373 345 1397 non
373 1362 528 1408 amplius
556 1366 719 1409 possent,
746 1363 989 1409 ultimumque
1017 1363 1195 1398 libertatis
1219 1363 1413 1408 vestigium
1444 1374 1522 1398 sus-

273 1437 448 1473 tulerunt.
477 1436 550 1473 Sed
578 1437 707 1473 eodem
731 1438 807 1485 ipso
831 1441 995 1485 tempore
1023 1437 1161 1473 Romae
1190 1437 1351 1473 luxuries
1379 1449 1522 1485 semper

272 1513 475 1558 crescebat,
512 1516 548 1549 et
584 1514 624 1549 in
662 1513 760 1549 diem
789 1513 986 1549 discrimen
1015 1513 1216 1559 augebatur
1243 1514 1339 1548 inter
1367 1513 1517 1557 divites,

273 1589 335 1635 qui
372 1589 502 1634 nimis,
530 1592 568 1624 et
602 1589 748 1635 inopes,
773 1589 835 1635 qui
863 1588 955 1624 nihil
983 1588 1227 1635 possidebant.
1258 1588 1337 1630 Quo
1365 1589 1522 1633 factum,

273 1667 313 1699 ut
339 1665 452 1700 libera
481 1664 683 1711 respublica
712 1664 899 1709 Romana,
930 1675 1023 1710 quae
1052 1667 1106 1699 tot
1134 1665 1279 1700 saecula
1308 1664 1522 1709 duraverat,

273 1751 346 1774 non
387 1740 541 1787 amplius
582 1740 779 1776 consistere
818 1742 949 1786 posset.
992 1739 1034 1773 In
1071 1750 1269 1786 paucorum
1312 1750 1442 1774 manus
1479 1750 1522 1774 ea

272 1818 431 1861 potestas
455 1815 618 1858 transiit,
644 1825 737 1861 quae
750 1817 858 1849 antea
871 1825 982 1860 penae
997 1824 1124 1849 omnes
1140 1814 1277 1857 fuerat,
1302 1814 1429 1848 civitas
1450 1813 1523 1848 Ro-

273 1900 382 1924 mana
405 1890 515 1925 inane
534 1901 666 1925 nomen
691 1889 786 1924 facta
810 1891 881 1932 aet3
901 1888 980 1934 jam
999 1888 1049 1923 ita
1063 1888 1163 1935 plebs
1179 1888 1368 1935 depravari
1384 1888 1521 1935 coepit,

273 1967 315 1998 ut
341 1965 417 1999 fere
445 1964 496 1999 nil
518 1965 588 1999 nisi
611 1974 743 2010 panem
768 1967 805 1999 et
829 1963 1016 1999 Circenses
1041 1963 1275 1998 desideraret.

328 2039 378 2075 At
398 2040 507 2075 simul
521 2039 608 2075 urbs
631 2039 750 2075 Roma
771 2040 905 2075 multos
929 2040 1070 2086 excepit
1092 2039 1321 2085 peregrinos,
1343 2040 1523 2086 imprimis

274 2114 430 2151 Graecos
445 2126 510 2150 seu
522 2115 641 2161 potius
656 2114 851 2150 Graeculos
861 2142 870 2159 ,
894 2115 957 2161 qui
971 2126 1078 2150 suum
1094 2114 1229 2149 cultum
1241 2142 1250 2158 ,
1271 2125 1375 2150 suam
1390 2114 1524 2150 doctri-

275 2201 361 2225 nam
379 2191 426 2225 ad
449 2190 634 2225 Romanos
653 2190 928 2225 transtulerunt.
949 2189 1031 2224 Non
1056 2192 1136 2224 erat
1160 2201 1274 2236 genus
1289 2190 1387 2225 istud
1409 2189 1525 2235 majo-

279 2264 380 2301 ribus
416 2265 554 2310 simile,
592 2265 654 2312 qui
691 2265 826 2301 eximio
861 2263 1019 2312 quodam
1047 2264 1186 2311 ingenii
1210 2264 1308 2300 cultu
1343 2264 1523 2311 insignes,

276 2341 483 2384 neminem,
521 2341 583 2386 qui
621 2351 694 2375 non
731 2351 819 2376 suae
856 2340 979 2386 stirpis
1007 2343 1123 2383 esset,
1159 2351 1244 2375 eum
1285 2340 1526 2375 humanitatis

277 2415 431 2463 gradum
449 2427 624 2463 umquam
649 2415 813 2451 obtinere
836 2426 941 2462 posse
962 2414 1176 2458 credebant3
1205 2417 1243 2450 at
1265 2426 1330 2461 per
1352 2426 1525 2461 magnam

277 2491 375 2527 orbis
397 2495 579 2526 terrarum
602 2494 743 2537 partem
768 2490 935 2526 Graeculi
959 2494 1188 2534 erraverant,
1223 2492 1260 2525 in
1288 2490 1525 2525 barbarorum

277 2567 486 2614 regionibus
523 2567 781 2612 consederant,
818 2566 977 2613 denique
1012 2566 1239 2610 κοσμοπολῖται
1286 2567 1371 2602 facti
1399 2571 1524 2609 erant,

1461 2632 1499 2667 3.
