1892 3007
537 968 787 1012 CAPUT
832 969 1201 1012 TERTIUM.

647 1346 677 1372 C.
709 1346 890 1373 LICINIUS
921 1346 1085 1372 CALVUS.

297 1476 448 1512 Amicus
487 1488 597 1524 quem
635 1476 798 1512 Catullus
821 1476 949 1511 habuit
976 1477 1140 1511 omnium
1169 1476 1395 1512 carissimum
1424 1477 1492 1511 suit

245 1553 283 1588 C.
323 1553 483 1588 Licinius
518 1552 658 1587 Calvus.
690 1552 732 1586 In
761 1563 872 1598 quem
900 1563 971 1598 quo
1008 1552 1131 1587 animo
1171 1552 1299 1596 fuerit,
1339 1555 1494 1598 quatuor

244 1630 437 1663 testantur.
451 1627 564 1674 ipsius
588 1627 751 1662 carmina
775 1626 863 1673 (14,
878 1626 951 1673 50,
968 1626 1019 1661 53
1032 1654 1041 1671 ,
1058 1626 1145 1673 96),
1162 1630 1198 1662 et
1211 1627 1382 1673 permulti
1398 1628 1492 1661 anti-

245 1713 400 1749 quorum
425 1703 645 1748 scriptorum
668 1702 756 1746 loci,
780 1701 843 1737 ubi
870 1701 1033 1736 Catullus
1057 1705 1092 1736 et
1113 1701 1243 1736 Calvus
1269 1701 1492 1747 conjunctim

246 1777 497 1813 nominantur.
523 1776 583 1813 Sic
617 1776 767 1815 Ovidius
796 1776 878 1812 Am.
908 1775 980 1820 III,
1010 1776 1045 1812 9.
1075 1775 1146 1821 61,
1175 1779 1331 1812 mortem
1360 1776 1492 1811 Tibulli

246 1851 437 1897 deplorans
449 1879 458 1897 ,
490 1852 605 1887 canit:

428 2006 572 2037 “Obvius
594 2005 670 2036 huie
691 2005 821 2043 venias,
842 2004 962 2034 hedera
979 2005 1138 2042 Juvenilia
1159 2005 1284 2035 cinctus

462 2070 624 2106 Tempora
645 2077 717 2099 eum
740 2068 858 2107 Calvo,
879 2069 975 2098 docte
997 2068 1140 2107 Catulle,
1160 2067 1249 2098 tuo.''

301 2185 362 2221 Sic
389 2185 486 2222 idem
515 2184 623 2222 Trist.
653 2184 707 2229 ΙΙ,
736 2183 825 2219 427.

464 2258 538 2289 “Sic
562 2266 620 2288 sua
639 2258 760 2287 lascivo
783 2259 913 2287 cantata
932 2258 982 2287 est
1003 2265 1099 2293 saepe
1122 2257 1250 2287 Catullo

506 2320 658 2357 Femina,
680 2319 732 2349 cni
753 2319 868 2349 falsum
889 2319 1011 2349 Lesbia
1030 2327 1146 2349 nomen
1169 2320 1248 2349 erat.

462 2383 531 2411 Nec
553 2383 727 2412 contentus
750 2390 805 2419 ea,
824 2382 943 2411 multos
965 2382 1112 2418 vulgavit
1132 2390 1258 2411 amores

506 2444 545 2472 In
568 2443 684 2481 quibus
707 2443 778 2479 ipse
799 2451 890 2473 suum
910 2444 1015 2473 fassus
1034 2443 1226 2473 adulterium
1248 2445 1307 2473 est.

460 2507 526 2536 Par
546 2506 608 2536 suit
629 2506 737 2543 exigui
759 2506 936 2544 similisque
957 2506 1090 2536 licentia
1111 2492 1203 2536 Calvi

503 2569 640 2599 Detexit
661 2569 760 2599 variis
782 2570 837 2606 qui
859 2576 917 2599 sua
936 2569 1022 2598 furta
1042 2567 1174 2598 modis.''
