1892 3007
954 229 1003 265 76

354 355 417 390 “ut
441 367 508 391 nec
532 356 570 390 in
596 355 819 399 Galliambo,
836 356 897 402 qui
915 367 995 390 eam
1011 355 1129 390 habet.
1159 355 1241 390 Non
1255 355 1379 390 debuit
1389 356 1500 400 igitur
1514 355 1597 390 Gal-

350 430 498 465 “liambi
526 441 733 474 caesuram,
762 441 854 476 quae
882 430 1031 465 metrica
1047 433 1120 472 est,
1136 429 1300 476 pudicam
1316 430 1466 465 facere.”
1497 429 1597 471 Quae

350 504 401 539 Cl.
432 505 576 540 Reizius
604 505 819 551 disputavit,
842 504 1023 539 sufficiant
1050 504 1095 538 ad
1112 504 1329 538 Werthessii
1343 504 1488 539 schema
1504 516 1596 539 novo

348 581 563 625 argumento
577 578 865 625 improbandum.
882 577 1001 620 Quum
1018 578 1266 621 Werthesius,
1280 580 1321 612 ut
1336 578 1444 612 ceteri
1460 589 1595 622 omnes,

344 653 412 688 sibi
442 653 539 688 visus
564 656 660 688 esset
685 664 808 687 veram
837 653 945 687 metri
974 653 1152 687 rationem
1177 652 1376 696 invenisse,
1407 663 1449 687 ea
1479 653 1590 688 fretus

347 727 641 771 emendationes,
669 727 800 773 quibus
824 738 912 773 opus
942 730 1038 770 erat,
1062 730 1102 761 ut
1127 729 1246 761 textus
1270 738 1351 761 cum
1377 730 1493 762 metro
1511 738 1595 762 con-

350 804 514 846 grueret,
543 801 581 835 in
611 812 714 835 suam
739 801 937 835 editionem
965 802 1109 846 recepit.
1140 800 1243 841 Quod
1268 812 1379 846 quum
1404 801 1592 844 vidissset,

349 876 411 920 qui
438 878 519 921 post
545 875 794 909 Werthesium
825 874 926 908 Attin
952 874 1167 909 Germanice
1191 876 1317 917 vertit,
1332 874 1590 918 Ahlwardtus,

349 949 660 996 intellexissetque
698 960 717 983 e
755 949 850 984 mala
883 948 1012 983 arbore
1039 948 1152 983 bonos
1180 949 1314 995 percipi
1343 960 1446 995 posse
1470 960 1588 996 neque

353 1024 389 1058 in
428 1035 468 1059 re
504 1025 655 1059 metrica
695 1024 849 1067 fructus,
890 1023 1100 1059 Werthesio
1129 1024 1333 1059 succensuit
1361 1027 1397 1058 et
1429 1024 1482 1059 sic
1510 1035 1593 1059 eum

347 1098 566 1144 vituperavit
583 1101 591 1120 ¹
609 1110 615 1134 :
636 1098 853 1141 “Werthes‚
878 1098 941 1132 der
966 1098 1023 1133 bei
1053 1098 1189 1133 diesem
1219 1098 1331 1134 Verse
1346 1098 1437 1133 iiber
1452 1099 1592 1134 Verun-

352 1171 535 1217 “staltung
572 1172 635 1206 des
674 1172 971 1217 galliambischen
1014 1171 1194 1218 Rythmus
1222 1172 1338 1218 klagt,
1366 1173 1442 1207 und
1470 1173 1592 1208 diesen

354 1246 490 1282 “durch
514 1247 640 1282 seinen
670 1246 887 1292 Vorschlag,
913 1246 999 1281 Gott
1023 1247 1129 1282 weiss
1145 1247 1214 1282 wie
1228 1247 1337 1282 sehon
1352 1274 1361 1291 ,
1375 1247 1591 1282 wiederher-

352 1322 516 1367 “gestellt
544 1332 587 1356 zu
621 1321 741 1356 haben
765 1321 908 1367 glaubt,
938 1322 1001 1356 hat
1030 1322 1093 1355 ihn
1124 1322 1229 1356 mehr
1253 1321 1508 1365 verunstaltet,
1537 1322 1590 1357 als

352 1395 499 1442 “irgend
526 1397 626 1432 einer
651 1396 771 1431 seiner
794 1396 1025 1441 Vorganger,
1054 1396 1149 1431 deun
1179 1406 1218 1430 er
1239 1395 1362 1442 bringt
1384 1407 1498 1442 gegen
1523 1396 1592 1431 alle

352 1471 525 1507 “Gesetze
546 1472 661 1506 dieses
677 1472 857 1517 Rythmus
872 1472 908 1505 in
924 1471 993 1505 den
1009 1472 1158 1506 zweiten
1175 1471 1265 1506 Fuss
1288 1472 1395 1506 einen
1411 1472 1553 1506 Ionicus
1569 1483 1590 1506 a

350 1546 534 1589 “minore,
550 1546 586 1580 in
603 1545 674 1581 den
690 1545 823 1579 dritten
842 1545 948 1579 einen
965 1544 1205 1580 Choriambus
1219 1545 1295 1579 und
1310 1546 1346 1579 in
1364 1545 1432 1580 den
1449 1546 1588 1580 vierten

349 1621 437 1666 “gar
458 1621 564 1655 einen
586 1620 950 1666 Pyrrhichianapaest
974 1619 1285 1665 (ψψψψ-ὴ.
1303 1618 1488 1665 Sojefloch
1503 1621 1589 1666 geht

348 1695 410 1730 “es
424 1696 501 1729 ihm
516 1694 667 1737 immer‚
683 1705 791 1729 wenn
807 1705 847 1728 er
861 1705 930 1729 von
946 1694 1083 1729 diesem
1109 1693 1362 1739 Sylbenmasse
1376 1694 1587 1729 schwatzt’'.

399 1769 498 1810 Quae
519 1772 561 1803 ut
575 1771 673 1803 recte
689 1768 840 1813 intelligi
856 1768 1014 1814 possint,
1031 1768 1253 1802 monendum
1269 1771 1322 1802 est
1342 1768 1587 1803 Werthesium

344 1846 381 1879 et
419 1830 672 1878 Ahlwardt'um
710 1843 747 1877 in
786 1845 942 1889 quatuor
979 1842 1088 1889 pedes
1126 1842 1286 1878 dividere
1323 1854 1464 1879 versum
1506 1843 1589 1879 Gal-

340 1918 571 1963 liambicum,
602 1918 733 1965 quippe
757 1918 818 1964 qui
845 1929 865 1952 e
895 1921 1051 1964 quatuor
1079 1918 1214 1953 Jonicis
1242 1929 1263 1952 a
1291 1918 1430 1953 minore
1447 1919 1587 1954 deriva-

343 1998 412 2030 tur.
443 1993 644 2029 Ahlwardti
673 1994 820 2029 schema
848 1997 971 2029 autem
999 1994 1068 2028 hoc
1096 1996 1167 2028 est:

387 2088 594 2103 &dv—V
635 2066 640 2118 Ι
678 2089 900 2103 -κ-ῖ--ῄ
942 2064 963 2117 Η
1005 2089 1212 2103 &JV—V
1258 2067 1263 2118 Ι
1305 2089 1511 2108 Ὰ-κᾺ-Ιψψ
1540 2067 1544 2119 Ι
1578 2098 1587 2114 7

342 2180 413 2215 quo
451 2172 567 2204 metro
605 2169 694 2203 duas
732 2170 903 2204 carminis
940 2173 1060 2216 partes
1096 2181 1173 2204 esse
1202 2169 1352 2215 scriptas
1379 2170 1544 2216 perhibet
1561 2172 1585 2204 ².

346 2243 456 2278 Addit
482 2244 520 2279 in
548 2243 697 2289 triginta
726 2244 869 2279 circiter
891 2244 1053 2279 versibus
1078 2243 1317 2279 solutionibus
1340 2247 1403 2278 aut
1426 2247 1588 2280 contrac-

382 2483 387 2500 ¹
415 2480 484 2508 Der
507 2479 594 2508 Attis
615 2479 671 2508 des
693 2479 848 2508 Catullus.
873 2479 1077 2515 oldenburg,
1107 2480 1194 2509 1808.
1217 2480 1255 2508 ad
1278 2488 1323 2509 vs.
1349 2481 1402 2516 14,
1424 2488 1454 2515 p.
1480 2481 1524 2508 12.

376 2543 386 2562 ²
408 2542 428 2570 l.
451 2541 471 2569 l.
495 2549 524 2577 p.
548 2542 575 2569 3.
