1892 3007
673 953 1091 1006 THESES.

868 1310 893 1341 Ι.

301 1416 340 1448 In
362 1416 512 1460 Thucyd.
540 1416 574 1458 1,
605 1428 632 1449 c.
667 1417 732 1449 131
748 1442 756 1458 ‚
782 1417 817 1449 in
842 1417 908 1449 fine
934 1418 1075 1450 delenda
1100 1421 1180 1449 sunt
1205 1418 1324 1449 verba:
1350 1415 1449 1456 ἔξεστι
1474 1415 1509 1448 δὲ

250 1484 316 1516 τοῖς
339 1478 457 1525 ἐφόροις
481 1478 534 1511 τὸν
560 1480 693 1524 βασιλέα
717 1478 835 1525 δρᾶσαι
856 1482 956 1513 τοῦτο.

860 1615 903 1647 11.

301 1724 340 1756 In
364 1724 483 1766 Lysiae
508 1723 564 1756 Or.
591 1723 676 1764 XII,
700 1723 797 1767 §36z
813 1725 866 1755 οὐκ
892 1721 944 1755 οὖν
966 1722 1066 1755 δεινὸν
1089 1725 1113 1756 εἰ
1133 1724 1203 1761 τοὺς
1224 1722 1280 1768 μὲν
1303 1723 1510 1769 στρατηγοὺς,

254 1786 281 1819 οἳ
302 1787 405 1820 ἐνίκων
430 1790 679 1832 ναυμαχοῦντες,
699 1785 763 1831 [ὅτε
788 1785 843 1819 διὰ
867 1792 1007 1832 χειμῶνα
1028 1788 1088 1832 οὐχ
1101 1784 1314 1832 οἷοίτ’ἔφασαν
1327 1784 1420 1828 εἶναι,
1441 1786 1511 1823 τοὺς

253 1851 284 1883 ὲκ
310 1855 363 1887 τῆς
386 1851 547 1887 ,θαλάττης
567 1850 752 1894 ἀνελέσθαι]
782 1851 912 1894 ,θανάτῳ
946 1851 1135 1895 ἐζημιώσατε
1151 1851 1315 1894 ἡγούμενοι
1340 1854 1454 1896 χρῆναι
1477 1855 1514 1896 τῇ

250 1918 311 1945 τῶν
336 1914 512 1946 τεθνεώτων
539 1914 630 1960 ἀρετῇ
665 1911 738 1960 παρ’
761 1914 878 1946 ἐκείνων
903 1911 990 1949 δίκην
1013 1913 1137 1958 λαβεῖν,
1161 1913 1282 1954 verba,
1307 1923 1393 1955 quae
1418 1913 1513 1944 uncis

258 1976 459 2008 inclusimus
485 1976 627 2009 delenda
652 1980 741 2009 sunt.

854 2097 914 2130 ΙΙΙ.

309 2206 394 2239 Ibid.
423 2205 440 2249 ἓ
469 2205 531 2238 5‘1:
566 2203 709 2252 ὁπότεροι
738 2208 838 2238 ταῦτα
862 2205 1018 2251 πράξουσι
1050 2204 1101 2236 καὶ
1131 2208 1184 2241 τῆς
1216 2202 1332 2241 πόλεως
1365 2202 1512 2250 ἄρξουσι,

256 2269 393 2301 sublato
421 2269 623 2311 glossemate
644 2269 842 2310 legendum:
869 2266 1009 2314 ιοπτότεροι
1032 2267 1072 2300 τὰ
1096 2271 1149 2305 τῆς
1170 2266 1287 2304 πόλεως
1311 2268 1478 2313 πράξουσι.

859 2389 914 2421 IV.

308 2499 395 2533 Ibid.
426 2497 442 2542 ἓ
474 2497 538 2530 77:
566 2496 684 2535 πολλὰς
709 2498 827 2535 πίστεις
852 2496 943 2535 αὐτὸς
969 2495 1046 2543 ἔργῳ
1072 2495 1211 2534 δεδωκὼς
1236 2497 1287 2529 καὶ
1306 2495 1378 2543 παρ’
1404 2497 1520 2530 ἐκείνων

257 2563 364 2609 ’ὅρκους
391 2562 532 2607 εἰληφώς,
560 2562 633 2594 dele
658 2560 772 2608 ὅρκους.
