1892 3007
869 234 915 269 77

271 359 429 394 tionibus
479 359 698 394 mutationes
736 360 912 405 quasdam
947 360 1059 404 effici,
1089 361 1139 395 ita
1167 363 1206 394 ut
1235 370 1510 405 nonnumquam

271 434 356 469 sede
392 434 508 481 prima
524 437 560 468 et
574 434 680 469 tertia
696 435 943 470 antibacchius
959 434 1027 481 (-—
1038 435 1181 480 ——v),
1210 434 1368 469 secunda
1392 434 1513 469 dasius

272 510 579 556 (ψψψ--ὴ
612 513 647 544 et
675 514 805 556 quarta
844 511 997 546 creticus
1038 511 1231 557 (—v—)
1269 510 1510 545 inveniantur.

271 582 316 617 Et
352 584 404 618 sic
430 595 506 618 rem
536 584 705 619 absolvit:
748 584 837 618 “Die
873 584 1074 630 Aussosung
1109 585 1174 619 der
1199 584 1362 619 mittlem
1390 584 1511 629 Lange

276 658 362 692 “des
405 663 524 693 ersten
562 659 590 693 F
592 670 712 703 usses,
749 659 919 693 wodurch
966 660 1083 694 dieser
1121 671 1202 693 zum
1232 658 1381 693 Orthius
1421 657 1511 693 wird

275 732 598 779 “(vwvvv)
619 732 800 768 bezweifle
823 733 915 768 ich.''
940 732 1093 768 Schema
1119 733 1334 779 Doeringius
1349 732 1512 767 exhibuit

271 806 307 839 in
337 807 450 841 altera
484 807 661 850 editione,
691 807 788 853 quod
826 819 864 841 se
891 807 1070 853 accepisse
1099 808 1209 842 refert
1237 818 1258 841 a
1288 807 1370 842 clar.
1401 806 1512 841 Habi-

271 881 371 924 chio,
410 881 471 926 qui
510 885 632 915 tamen
670 881 745 927 ipse
780 881 959 926 professus
998 885 1071 925 est,
1112 892 1150 915 se
1178 892 1220 915 ea
1249 883 1390 915 tantum
1419 891 1512 926 quae

270 954 499 989 Hermannus
522 959 556 989 et
586 954 745 989 Nobbius
769 955 813 989 de
837 954 1038 989 Galliambo
1064 954 1270 989 docuissent
1294 955 1331 988 in
1356 954 1501 988 schema

270 1029 451 1074 redegisse
469 1032 493 1065 ¹.
531 1028 668 1070 Quibus
693 1019 855 1064 vducibus
882 1040 958 1064 rem
985 1040 1049 1064 nos
1081 1040 1224 1075 quoque
1246 1040 1507 1075 proponemus,

272 1103 336 1137 hos
360 1104 457 1138 enim
481 1104 510 1138 si
535 1115 607 1138 non
635 1115 761 1139 verum
789 1104 962 1147 viderint,
991 1107 1028 1138 at
1053 1104 1181 1138 saltem
1210 1104 1355 1149 propius
1383 1103 1462 1138 aliis
1491 1115 1509 1137 a

271 1188 354 1211 vero
380 1177 524 1221 abesse,
556 1177 658 1212 nobis
682 1188 893 1224 persuasum
924 1181 978 1211 est
994 1179 1018 1212 2.
1046 1177 1164 1211 Pauca
1186 1180 1331 1212 *tantum
1353 1175 1512 1212 Graeco-

271 1262 351 1286 rum
380 1255 565 1298 poetarum
601 1252 803 1298 fragmenta
835 1253 902 1286 hoc
931 1255 1047 1287 metro
1076 1253 1272 1298 composita
1299 1255 1510 1298 supersunt,

275 1337 387 1371 pauca
423 1327 533 1360 etiam
572 1326 784 1361 Latinorum
814 1330 850 1361 et
878 1327 1060 1372 integrum
1090 1327 1159 1361 hoc
1186 1326 1315 1361 Catulli
1345 1337 1510 1368 carmen,

272 1400 317 1434 de
346 1411 416 1447 quo
444 1400 606 1435 dicimus.
637 1400 737 1442 Quae
765 1401 967 1446 fragmenta
995 1401 1207 1447 praesertim
1234 1411 1254 1434 a
1278 1399 1512 1446 scriptoribus

271 1476 321 1509 rei
353 1476 525 1510 metricae
549 1475 652 1510 nobis
676 1479 760 1510 sunt
785 1479 926 1511 servata
943 1478 967 1510 ³.
998 1475 1129 1511 Statim
1153 1478 1301 1521 apparet
1325 1476 1420 1511 inter
1444 1474 1510 1510 Ca-

272 1549 347 1583 tulli
377 1549 586 1595 galliambos
615 1553 650 1583 et
688 1560 780 1595 quae
810 1561 840 1584 e.
871 1561 902 1595 g.
945 1550 1115 1595 Diogenis
1154 1550 1287 1584 Laertii
1324 1554 1513 1584 servantur

267 1635 439 1669 magnum
476 1635 554 1659 esse
582 1624 785 1659 discrimen.
826 1624 865 1658 In
898 1623 1035 1659 Graeco
1065 1625 1226 1659 carmine
1255 1635 1327 1658 non
1356 1624 1512 1658 dubitari

272 1701 409 1743 potest,
435 1699 523 1743 quin
547 1710 567 1733 a
592 1702 707 1733 metro
733 1699 852 1733 Ionico
887 1698 1145 1733 Galliambicus
1179 1709 1302 1733 versus
1335 1699 1511 1743 originem

271 1775 429 1818 repetat,
468 1773 504 1806 in
543 1772 744 1807 Catulliano
782 1776 947 1818 poemate
998 1776 1123 1807 contra
1161 1783 1241 1807 rare
1280 1776 1364 1807 sunt
1405 1772 1511 1817 hujus

271 1847 375 1884 metri
407 1847 567 1891 vestigia.
599 1847 662 1881 “In
690 1848 758 1882 hoc
783 1847 995 1882 certioribus
1018 1847 1189 1881 adstricta
1219 1847 1357 1892 legibus
1382 1846 1510 1881 solutio

274 1922 331 1956 “et
356 1922 570 1965 contractio,
595 1926 703 1968 atque
727 1922 844 1957 omnis
870 1923 1017 1956 omnino
1043 1922 1158 1966 magis
1181 1921 1343 1966 legitima
1368 1932 1510 1966 compo-

274 1998 378 2032 “sitio
395 1999 441 2033 ⁴'’.
483 1998 569 2032 Mihi
610 1997 754 2044 quidem
796 1997 915 2031 minus
953 1997 1150 2042 originem,
1191 2007 1299 2041 quam
1342 1999 1508 2030 naturam

270 2073 395 2115 metri,
425 2084 489 2107 usu
530 2076 565 2107 et
600 2076 761 2117 tempore
794 2071 912 2117 paullo
943 2072 1176 2105 immutatam
1205 2074 1385 2116 spectasse
1412 2070 1510 2104 vide-

270 2152 338 2182 tur.
389 2147 431 2182 In
469 2147 653 2181 Gallorum
691 2147 788 2181 enim
827 2146 992 2180 cantibus
1022 2145 1130 2180 citato
1160 2156 1248 2191 opus
1276 2148 1353 2179 erat
1382 2148 1508 2179 metro.

307 2290 311 2305 ¹
339 2285 509 2320 Doering.,
534 2285 564 2312 in
588 2285 654 2313 edit
687 2285 806 2319 altera,
829 2293 858 2318 p.
882 2285 929 2311 91.

305 2349 315 2368 2
338 2346 397 2376 Cff.
431 2347 602 2375 Hermann.
638 2346 738 2374 Elem.
775 2345 882 2374 Doctr.
916 2345 1007 2373 Metr.
1043 2345 1096 2381 II,
1129 2352 1155 2372 c.
1179 2345 1236 2378 40,
1262 2352 1290 2379 p.
1314 2345 1381 2372 504.
1405 2344 1516 2373 Nobbe

264 2410 302 2437 de
325 2409 436 2438 Meti-is
459 2408 588 2436 Catulli.
610 2408 693 2435 Fasc
716 2408 742 2434 I.

305 2474 316 2491 ³
340 2471 399 2500 Off.
424 2477 505 2505 quae
530 2469 699 2504 adscripsit
717 2469 773 2496 aut
794 2467 949 2512 indicavit
973 2467 1175 2495 Hermannus
1197 2467 1216 2494 l.
1236 2467 1255 2495 Ι,

307 2535 318 2552 ⁴
342 2531 389 2560 Cf.
412 2531 523 2560 Nobbe
546 2538 575 2565 p.
598 2530 626 2559 8.
