1892 3007
1038 247 1117 284 116

424 374 524 409 mius
555 372 760 419 Gemellus,
786 374 848 420 qui
876 384 973 409 anno
1001 378 1083 420 post
1111 373 1278 410 Caesaris
1320 374 1547 410 consulatum
1577 387 1681 422 prae-

426 452 509 483 tura
538 449 683 483 functus
711 451 766 482 est
793 447 954 493 urbana,
982 449 1006 483 i.
1036 460 1066 485 e.
1096 460 1192 485 anno
1221 453 1306 485 ante
1328 449 1412 485 Chr.
1429 449 1501 494 58,
1516 453 1551 485 et
1567 450 1679 496 igitur

426 535 523 559 anno
562 524 749 570 sequenti,
778 522 849 568 57,
878 524 915 558 in
943 524 1169 571 provinciam
1197 524 1381 571 profectus
1409 527 1474 560 est.
1506 524 1611 567 Quod
1641 525 1671 560 si

423 610 548 633 verum
587 599 635 633 sit
672 598 800 633 eodem
835 602 1000 645 tempore
1040 602 1207 634 mortuus
1236 603 1292 635 est
1318 603 1447 646 poetae
1474 600 1588 634 frater
1597 608 1611 643 ‚·
1636 604 1672 635 et

424 673 571 708 tandem
609 673 793 720 perditum
822 684 995 717 censens,
1024 673 1121 720 quod
1150 673 1288 720 perisse
1316 673 1482 719 videbat,
1509 673 1673 709 Catullus

422 759 494 783 non
537 751 662 782 tamen
705 748 785 782 sine
827 759 972 782 summo
1014 748 1128 783 animi
1171 748 1295 783 dolore
1323 749 1473 794 longum
1504 748 1673 795 deposuit

422 833 597 857 amorem.
627 821 769 869 Scripta
798 825 884 857 sunt
907 822 1018 868 igitur
1041 822 1164 857 omnia
1189 823 1235 858 ad
1251 822 1421 858 Lesbiam
1437 826 1474 858 et
1488 823 1534 858 de
1549 821 1678 858 Lesbia

424 898 586 932 carmina
623 896 730 941 annis
766 896 818 932 59
856 900 892 932 et
931 896 982 932 58
1020 901 1056 932 et
1094 897 1260 932 carmina
1299 897 1371 942 65,
1404 896 1456 932 66
1493 901 1529 932 et
1559 896 1610 932 68
1639 898 1674 932 in

423 984 578 1018 quorum
616 972 734 1018 primo
764 976 801 1007 et
829 972 937 1007 tertio
967 973 1090 1007 fratris
1119 983 1218 1007 mors
1244 975 1556 1007 commemoratur
1580 964 1677 1007 anno

428 1046 491 1081 58.
518 1046 654 1081 Itinere
674 1047 712 1081 in
739 1047 952 1092 Bithyniam
978 1046 1149 1081 solatium
1176 1046 1356 1093 quaesivit
1369 1049 1476 1093 poeta
1493 1047 1539 1082 de
1555 1047 1678 1082 fratris

424 1125 542 1156 morte
579 1124 617 1156 et
653 1121 698 1156 de
736 1121 979 1156 intermortuo
1017 1132 1155 1156 amore.
1194 1120 1334 1156 Fratris
1371 1121 1553 1156 tumulum
1584 1122 1675 1157 adiit

424 1198 573 1231 ineunte
597 1207 694 1231 anno
718 1195 790 1239 56,
815 1196 947 1230 deinde
972 1195 1081 1230 rediit
1104 1197 1140 1230 in
1159 1195 1322 1241 Italiam,
1352 1195 1415 1231 ubi
1430 1196 1476 1231 de
1491 1195 1675 1232 Ciceronis

423 1271 588 1305 oratione
625 1281 690 1317 pro
728 1269 850 1305 Caelio
888 1270 1038 1304 audivit.
1070 1269 1149 1310 Qua
1178 1272 1365 1315 permotus
1394 1270 1546 1305 fortasse
1576 1282 1675 1306 com-

419 1346 540 1391 posuit
569 1356 598 1380 ο.
629 1344 700 1388 49,
731 1345 768 1379 in
799 1356 870 1390 quo
901 1355 1007 1379 versu
1037 1344 1117 1379 illo:

797 1423 975 1459 “pessimus
997 1423 1138 1452 omnium
1162 1423 1289 1460 poeta.''

415 1496 578 1531 carmina
587 1496 797 1543 respexerit,
808 1506 901 1542 quae
916 1495 1002 1530 olim
1014 1495 1051 1530 in
1063 1494 1215 1531 Lesbiae
1225 1496 1401 1531 honorem
1410 1499 1670 1543 composuerat.

469 1571 569 1606 Haec
619 1570 808 1617 Helbigius
832 1570 1048 1617 disputavit,
1091 1573 1128 1605 et
1156 1571 1206 1605 ita
1249 1582 1327 1606 rem
1357 1571 1529 1606 absolvit:
1565 1571 1670 1606 “Nun

419 1646 542 1681 “hatte
566 1646 631 1681 der
655 1644 961 1692 zwanzigjahrige
985 1645 1136 1681 Dichter
1163 1645 1263 1680 seine
1288 1645 1542 1681 Leidenschal't
1562 1646 1672 1693 vollig

418 1721 712 1764 “siberwundem
741 1720 817 1755 und
845 1720 942 1755 diesz
970 1720 1107 1755 erklart
1137 1720 1208 1755 den
1238 1723 1357 1755 zuerst
1381 1721 1432 1755 im
1461 1720 1570 1755 ’ῙΟῒθῐι
1599 1720 1669 1755 Ge-

419 1795 584 1839 “dichte‚
623 1795 699 1831 und
738 1795 855 1830 vielen
882 1795 1021 1830 andern
1046 1795 1373 1831 hervortretenden
1404 1794 1668 1842 leichtfertigen

417 1871 515 1906 “und
554 1870 655 1906 nicht
692 1870 807 1906 selten
837 1870 1029 1916 gemeiuen
1059 1869 1157 1913 Ton,
1187 1870 1262 1905 und
1292 1870 1361 1905 den
1393 1871 1460 1906 mit
1488 1871 1664 1917 gereiften

416 1924 574 1981 “Jahren
612 1946 689 1980 sich
719 1945 1010 1980 entwickelnden
1034 1943 1171 1980 herben
1205 1945 1313 1981 Ernst
1340 1946 1403 1981 des
1432 1946 1599 1981 Dichters
1627 1946 1664 1980 in

416 2022 565 2056 “seinen
588 2021 802 2056 satirischen
828 2020 1043 2056 Producten.
1071 2017 1178 2056 Seine
1202 2021 1337 2056 schone
1363 2020 1439 2056 Zeit
1455 2032 1530 2056 war
1558 2024 1663 2056 veru-

416 2095 524 2139 “ber‚
567 2096 642 2130 und
684 2096 768 2139 das,
812 2108 888 2131 was
931 2098 1056 2132 seinen
1101 2098 1248 2132 wahren
1289 2096 1412 2131 Ruhm
1441 2096 1661 2142 begriindet‚

414 2171 540 2206 “hatte
568 2183 609 2207 er
638 2171 915 2218 grosztentheils
943 2172 1078 2208 bereits
1107 2172 1323 2220 gedichtet.'’

463 2246 607 2281 Tertius
645 2246 804 2292 denique
841 2246 1055 2282 Schwabius
1092 2248 1200 2293 longa
1224 2247 1467 2294 disputatione
1496 2246 1659 2283 Clodiam

408 2321 518 2357 fuisse
559 2321 717 2368 puellam
761 2332 782 2356 a
826 2321 967 2358 Catullo
1005 2325 1164 2358 amatam
1202 2322 1357 2369 probare
1393 2321 1542 2357 studuit.
1586 2321 1658 2357 Sed

401 2396 480 2442 jam
519 2397 596 2442 ipse
626 2396 663 2430 in
692 2397 1022 2442 argumentationis
1044 2397 1149 2432 initio
1177 2397 1344 2443 perhibet
1372 2397 1422 2431 ita
1449 2397 1585 2443 optime
1612 2397 1658 2431 de

407 2471 536 2507 Lesbia
573 2470 730 2517 judicari
769 2482 889 2518 posse,
929 2473 970 2506 ut
1005 2474 1162 2518 ponatur
1198 2471 1434 2523 probandum.
1460 2470 1538 2517 jam
1576 2482 1655 2506 esse

404 2547 617 2595 probatum,
656 2550 766 2594 atque
803 2548 1007 2582 affirmetur
1034 2546 1130 2593 quod
1159 2547 1438 2582 fundamentum
1469 2547 1515 2582 sit
1543 2547 1654 2582 totius
