1892 3007
795 265 839 300 81

205 392 262 437 gio
282 396 289 414 ¹
323 397 358 428 et
375 393 585 429 Ahlwardto
600 394 612 415 ²
629 392 795 438 conjecit:
822 396 952 440 “eqone
965 393 1054 428 herd'
1068 422 1076 437 ‚
1093 392 1185 439 quod
1205 392 1343 427 Nobbio
1361 395 1373 414 ³
1393 396 1446 427 ta-

206 479 289 501 men
311 468 556 502 duriusculum
579 468 739 511 videtur,
763 468 824 513 qui
852 468 1007 513 primum
1034 468 1186 513 conjecit
1212 467 1313 513 “qu
1338 468 1444 502 num''

206 545 241 576 et
282 542 431 587 deinde⁷
479 543 574 588 quod
604 543 669 588 ipsi
713 542 827 588 magis
854 542 988 588 placet:
1018 545 1149 588 “ayone
1182 543 1260 588 eff’,
1291 554 1445 588 quocum

205 616 349 650 initium
378 628 427 651 vs.
460 616 511 651 58
541 620 747 663 comparat:
782 617 913 662 “eqone
937 616 994 652 a.''
1026 616 1185 662 Silligius
1211 620 1223 638 ⁴
1255 618 1448 663 opinonem

206 691 246 725 V.
278 691 317 725 D.
350 695 611 727 commemorat
634 693 671 726 in
704 692 851 738 Ephem.
879 692 969 727 liter.
996 693 1138 727 Jenens.
1167 692 1281 727 1821.
1309 697 1360 727 n0.
1380 692 1447 736 76‚

205 766 265 811 qui
294 777 356 811 pro
390 767 477 800 “ne'’
508 766 738 801 scribendum
782 778 860 801 esse
887 770 990 813 putat
1020 766 1142 802 “nae’'.
1174 766 1244 802 Sed
1269 767 1351 813 jure
1381 767 1449 802 Sil-

204 840 307 885 ligio,
340 842 624 887 interrogatione
653 843 804 886 omissa,
829 846 924 877 totus
950 843 1046 877 locus
1074 843 1207 877 mirum
1237 844 1272 877 in
1302 844 1449 878 modum

206 914 376 959 languere
402 915 551 949 videtur.
583 914 699 950 Teste
719 916 914 962 Doeringio
931 919 943 937 ⁵
974 917 1158 951 Jacobsius
1177 917 1345 962 conjecit:
1367 917 1451 963 “eqo

197 988 317 1036 jam’'.
343 988 413 1024 Sed
439 1001 563 1024 vemm
589 991 769 1025 invenisse
796 991 955 1035 videtur,
978 992 1039 1037 qui
1064 1003 1084 1025 a
1100 992 1292 1037 Doeringio
1309 1003 1451 1037 quoque

206 1064 371 1098 laudatur
418 1075 490 1098 non
543 1076 764 1111 anonymus,
819 1069 859 1099 ut
897 1066 1003 1109 dicit,
1046 1066 1109 1100 sed
1153 1065 1364 1112 Spengelius
1414 1067 1450 1100 in

209 1138 373 1174 Seehodii
404 1139 524 1173 Neues
555 1139 742 1183 Archivss,⁵
774 1140 835 1185 qui
857 1143 1047 1185 postquam
1080 1140 1233 1185 Bentleji
1271 1140 1451 1186 conjectu-

209 1224 287 1248 ram
317 1214 370 1259 (in
400 1213 542 1249 schedis
575 1213 668 1259 apud
699 1213 868 1248 Kiddium
901 1214 943 1249 ad
975 1213 1112 1249 Dawes.
1137 1214 1282 1249 Miscell.
1306 1226 1338 1260 p.
1365 1214 1450 1260 30>:

216 1288 346 1334 “ayone
369 1289 432 1323 ‘aff'
458 1289 777 1331 commemoravit,
802 1289 930 1323 ductus
954 1289 1129 1334 scriptura
1155 1288 1388 1323 membranae
1403 1289 1449 1322 F:

214 1363 321 1397 “nee‘'
346 1366 382 1397 et
407 1374 519 1409 quum
543 1366 744 1409 reputasset
760 1363 855 1398 idem
879 1363 1130 1409 compendium
1152 1350 1238 1398 “730''
1260 1375 1323 1410 pro
1343 1364 1450 1399 “nec’'

208 1444 243 1471 et.
271 1436 412 1471 “nune''
439 1437 475 1471 in
504 1437 684 1471 codicibus
710 1437 799 1482 legi,
825 1437 1050 1472 emendavit:
1082 1437 1165 1483 “eqo
1182 1438 1318 1481 nnnc''‚
1343 1449 1451 1483 quam

212 1511 501 1546 emendationem
534 1522 680 1557 quoque
709 1522 729 1545 a
760 1510 954 1546 Laurentio
983 1510 1156 1546 Santenio
1181 1523 1258 1546 esse
1279 1512 1408 1546 factam
1434 1523 1453 1545 e

209 1586 433 1620 Lachmanni
457 1586 616 1620 editione
642 1588 758 1631 patet,
783 1586 864 1630 qui,
889 1586 957 1631 (uti
985 1586 1162 1631 Hauptius
1187 1586 1345 1631 quoque)
1362 1597 1441 1620 eam

208 1660 243 1693 in
274 1663 413 1694 textum
445 1660 588 1706 recepit.
606 1661 617 1682 ⁷

264 1734 411 1780 Saepius
441 1746 505 1780 pro
538 1734 657 1769 iambo
688 1735 723 1768 in
753 1735 836 1768 sede
864 1734 1020 1768 secunda
1043 1735 1211 1769 scribitur
1234 1734 1453 1780 tribrachys,

245 1892 251 1909 ¹
278 1889 430 1923 Dooring.
454 1889 483 1915 in
511 1889 585 1915 edit.
614 1888 646 1922 Ι,
671 1896 698 1922 p.
722 1889 797 1923 ²246,
820 1888 954 1915 Naudet.
979 1896 1006 1922 p.
1031 1890 1097 1915 222.

246 1952 256 1969 2'
282 1949 459 1977 Alilwardt.
484 1958 512 1984 p.
539 1951 583 1977 13.

244 2014 255 2031 ³
279 2011 389 2038 Nobbe
412 2019 440 2045 p.
469 2013 513 2038 11.

242 2075 253 2091 ⁴
278 2073 313 2100 In
339 2072 403 2099 edit
428 2080 456 2106 p.
482 2074 547 2099 111.

243 2136 253 2152 ⁵
278 2134 314 2161 In
339 2134 405 2161 edit
426 2133 530 2161 altera
552 2141 580 2167 p.
604 2133 652 2160 96.

243 2198 255 2215 ϋ
277 2194 380 2230 Jahn-g
401 2197 428 2222 3.
455 2195 529 2222 lleft
550 2195 585 2228 4,
610 2201 638 2228 p.
664 2194 711 2221 97.

244 2259 254 2279 ἵ
280 2257 373 2284 Errat
404 2256 610 2291 Spengelius‚
642 2263 735 2290 quum
767 2255 844 2282 dicit
872 2262 981 2282 omnes
1014 2255 1140 2282 codices
1173 2257 1260 2282 staro
1289 2263 1306 2282 a
1337 2256 1465 2290 vulgata

205 2317 351 2345 lectione.
382 2316 517 2344 Codices
540 2315 736 2343 Lachnianni
762 2316 799 2343 1).
823 2316 858 2343 L.
884 2315 1002 2343 habent
1026 2315 1126 2343 “nee‘'.
1152 2316 1295 2344 Santonii
1320 2317 1464 2345 emcnda-

206 2380 322 2408 tioncm
353 2379 421 2414 ipse
451 2377 642 2413 Spengelius
660 2378 726 2412 Jam
750 2378 873 2405 notavit
897 2378 927 2405 in
952 2378 1159 2405 annotatione
1185 2381 1230 2406 11.
1256 2379 1370 2406 Veram
1395 2387 1465 2407 esse

205 2441 285 2468 hanc
308 2441 416 2468 textus
438 2439 626 2473 scripturam
649 2439 761 2473 probat
782 2439 926 2473 adscipto
949 2438 1110 2473 Propertii
1132 2439 1200 2466 loco
1222 2439 1252 2475 Ι,
1277 2440 1329 2474 16,
1359 2442 1370 2468 1
1397 2448 1464 2475 sqq.

204 2502 274 2531 Non
294 2500 437 2537 intelligo
450 2523 457 2536 ‚
475 2500 551 2537 quid
566 2500 773 2536 Docringium
794 2500 947 2536 moverit,
971 2503 1004 2529 ut
1025 2500 1083 2528 hoc
1097 2499 1241 2529 Santenii
1255 2502 1287 2529 et
1301 2500 1464 2536 Spengelii

205 2563 400 2598 praeclarum
425 2563 587 2590 inventum
611 2569 672 2588 non
697 2562 727 2588 in
753 2563 874 2589 textum
900 2562 1065 2596 reciperet.

1409 2621 1432 2654 si
