1892 3007
332 272 389 297 xlx

353 393 387 424 et
410 389 622 424 humanitate
651 391 776 426 Vestra
800 393 836 424 et
863 391 1009 435 exemplo
1039 391 1162 425 Vestro
1186 389 1239 424 ita
1262 400 1311 423 me
1330 389 1553 435 informasse,
1566 392 1619 431 ιιι,

353 469 384 502 si
411 468 494 511 quid
517 480 666 512 umquam
690 469 727 502 in
753 469 825 502 ulla
849 468 1033 512 disciplina
1058 472 1120 503 aut
1142 469 1179 502 in
1203 469 1273 502 ullo
1299 479 1431 503 manere
1455 468 1618 507 obeundo,

352 547 487 587 valebo,
511 557 560 580 me
585 546 625 580 id
645 545 810 590 imprimis
839 546 943 580 Vobis
968 546 1093 580 debere.

402 627 489 659 Sunt
518 624 610 657 inter
648 625 737 664 Vos,
772 624 829 667 qui
861 635 910 657 me
942 624 979 657 in
1001 624 1283 667 familiaritatem
1309 626 1344 657 et
1368 623 1492 657 domum
1526 634 1618 657 suam

353 702 553 745 receperint.
597 701 725 740 Quibus
761 704 968 745 quantopere
1001 712 1049 734 me
1083 701 1268 735 devinctum
1303 700 1463 741 sentiam,
1497 700 1619 744 optime

353 778 589 819 declar-avem,
610 777 750 821 antiquo
777 777 839 812 illo
859 782 1106 812 commemorato
1124 778 1326 822 proverbio,
1356 789 1419 822 quo
1439 778 1472 811 is
1492 777 1618 812 dicitur

354 868 445 890 omne
470 856 589 890 tulisse
609 859 791 900 punctum,
816 857 873 901 qui
895 857 976 890 utili
1002 857 1175 891 miscuerit
1200 857 1305 895 dulce.

403 934 474 967 Diu
512 935 580 967 Vos
615 944 723 967 omnes
757 937 868 968 servet
900 934 1078 968 incolumes
1112 936 1206 968 Deus
1251 934 1405 978 Optimus
1446 933 1618 968 Maximus

353 1014 387 1043 et
416 1011 550 1044 Vestris
563 1011 730 1054 auspiciis
742 1011 874 1057 floreat
886 1015 921 1045 et
933 1016 1065 1045 crescat
1079 1011 1263 1045 Academia
1276 1011 1620 1055 Luqduno-Bataoal

404 1087 557 1131 Denique
590 1091 797 1131 postremum
841 1088 910 1121 Vos
943 1089 1098 1132 alloquor
1136 1087 1378 1122 Commilitones
1416 1087 1619 1122 Carissimi!

358 1166 456 1204 Quod
488 1177 581 1208 quum
609 1166 710 1209 facio
744 1166 807 1200 boc
840 1167 930 1199 laeto
964 1169 999 1199 et
1031 1166 1090 1199 diu
1124 1169 1319 1210 exspectato
1355 1165 1429 1205 die,
1461 1165 1617 1210 graviter

355 1242 484 1276 animus
518 1246 735 1277 commovetur
768 1246 803 1276 et
835 1244 956 1276 acerba
990 1246 1123 1276 mentem
1152 1243 1243 1277 subit
1285 1242 1467 1287 coqitatio,
1492 1242 1616 1276 dulcis-

355 1321 469 1354 simum
495 1320 587 1354 vitae
612 1320 759 1364 spatium
775 1321 920 1362 jamjam
927 1320 1163 1364 praeteriisse.
1194 1322 1299 1360 Quam
1324 1332 1443 1365 saepe,
1467 1325 1507 1355 ut
1530 1320 1623 1364 apud

359 1399 525 1432 Catullum
557 1401 627 1440 est,
652 1396 825 1431 “suaviter
863 1397 1002 1431 lusimus
1035 1397 1158 1431 otiosi''
1172 1424 1180 1439 ‚
1205 1397 1277 1432 vita
1292 1398 1455 1441 fruentes
1489 1397 1619 1432 Acade-

355 1475 457 1517 mica,
493 1486 577 1518 quae
611 1478 679 1508 tam
707 1476 811 1508 'beata
837 1478 931 1516 erat,
957 1474 1037 1518 quia
1061 1486 1188 1518 semper
1223 1475 1315 1508 curis
1342 1476 1447 1508 soluti
1468 1486 1618 1516 eramus,

355 1564 418 1595 quo
444 1551 533 1585 nihil
557 1562 629 1585 esse
654 1551 786 1585 beatius
809 1551 894 1585 idem
913 1555 1021 1595 poeta
1039 1551 1232 1595 praedicat.
1259 1553 1339 1585 Non
1365 1563 1448 1596 opus
1475 1555 1546 1594 est,
1572 1563 1620 1585 me

354 1630 447 1663 vobis
478 1629 699 1673 promittere,
736 1629 818 1663 mihi
855 1640 981 1673 semper
1014 1630 1117 1672 hujus
1150 1630 1310 1673 temporis
1334 1630 1519 1664 memoriam
1534 1630 1619 1673 sore

343 1706 636 1748 jucundissimam.
662 1706 799 1740 Moesto
824 1705 910 1739 enim
932 1706 1042 1740 animo
1067 1718 1125 1740 vos
1150 1707 1265 1740 valere
1280 1707 1402 1749 jubeo,
1437 1717 1478 1740 ea
1504 1705 1613 1740 omnia

354 1786 458 1816 mente
490 1784 657 1826 recolens,
683 1794 767 1827 qnae
794 1786 855 1816 aut
881 1783 1014 1817 Studiis
1039 1787 1099 1817 ant
1132 1783 1315 1817 Amicitiae
1340 1794 1473 1827 operam
1498 1783 1618 1817 dantes

353 1872 420 1893 una
443 1860 641 1904 pereyimus.
672 1862 791 1895 Valete
816 1860 944 1904 iqitnr,
957 1861 1085 1903 valete,
1111 1871 1169 1894 nec
1191 1861 1290 1895 amici
1310 1861 1367 1904 qui
1393 1860 1509 1894 Vestri
1530 1872 1619 1894 num-

355 1949 450 1981 quam
477 1937 711 1980 obliviscetur,
736 1941 844 1971 estote
868 1938 1080 1972 immemores.
