<?xml version="1.0" encoding="UTF-8"?>
<!DOCTYPE html PUBLIC "-//W3C//DTD XHTML 1.0 Transitional//EN"
    "http://www.w3.org/TR/xhtml1/DTD/xhtml1-transitional.dtd">
<html xmlns="http://www.w3.org/1999/xhtml" xml:lang="en" lang="en">
 <head>
  <title>
</title>
<meta http-equiv="Content-Type" content="text/html;charset=utf-8" />
  <meta name='ocr-system' content='tesseract 3.04.00' />
  <meta name='ocr-capabilities' content='ocr_page ocr_carea ocr_par ocr_line ocrx_word'/>
</head>
<body>
  <div class='ocr_page' id='page_1' title='image "./4738081_0133.png"; bbox 0 0 1892 3007; ppageno 0'>
   <div class='ocr_carea' id='block_1_1' title="bbox 956 213 1033 265">
    <p class='ocr_par' dir='ltr' id='par_1_1' title="bbox 956 213 1033 265">
     <span class='ocr_line' id='line_1_1' title="bbox 956 213 1033 265; baseline 0 0"><span class='ocrx_word' id='word_1_1' title='bbox 956 213 1033 265; x_wconf 84' lang='lat'>1&#39;10</span> 
     </span>
    </p>
   </div>
   <div class='ocr_carea' id='block_1_2' title="bbox 357 356 1623 2538">
    <p class='ocr_par' dir='ltr' id='par_1_2' title="bbox 357 356 1613 558">
     <span class='ocr_line' id='line_1_2' title="bbox 358 356 1613 406; baseline -0.001 -12"><span class='ocrx_word' id='word_1_2' title='bbox 358 358 453 394; x_wconf 87' lang='lat' dir='ltr'><strong>cavit</strong></span> <span class='ocrx_word' id='word_1_3' title='bbox 476 370 521 394; x_wconf 88' lang='lat' dir='ltr'><strong>ex</strong></span> <span class='ocrx_word' id='word_1_4' title='bbox 545 370 610 395; x_wconf 90' lang='lat' dir='ltr'><strong>sua</strong></span> <span class='ocrx_word' id='word_1_5' title='bbox 633 358 803 406; x_wconf 90' lang='lat' dir='ltr'><strong>opinione</strong></span> <span class='ocrx_word' id='word_1_6' title='bbox 819 358 988 394; x_wconf 86' lang='lat' dir='ltr'>Lesbiam</span> <span class='ocrx_word' id='word_1_7' title='bbox 1009 358 1120 394; x_wconf 87' lang='lat' dir='ltr'><strong>fuisse</strong></span> <span class='ocrx_word' id='word_1_8' title='bbox 1137 357 1302 394; x_wconf 77' lang='lat' dir='ltr'><strong>Clodiam</strong></span> <span class='ocrx_word' id='word_1_9' title='bbox 1317 358 1495 394; x_wconf 85' lang='lat' dir='ltr'>famosam</span> <span class='ocrx_word' id='word_1_10' title='bbox 1511 356 1613 393; x_wconf 90' lang='lat' dir='ltr'><strong>illam</strong></span> 
     </span>
     <span class='ocr_line' id='line_1_3' title="bbox 358 433 1609 481; baseline -0.002 -11"><span class='ocrx_word' id='word_1_11' title='bbox 358 433 684 480; x_wconf 83' lang='lat' dir='ltr'><strong>Quadrantariam,</strong></span> <span class='ocrx_word' id='word_1_12' title='bbox 722 434 763 477; x_wconf 88' lang='lat' dir='ltr'><strong>Q.</strong></span> <span class='ocrx_word' id='word_1_13' title='bbox 780 434 916 470; x_wconf 85' lang='lat' dir='ltr'>Metelli</span> <span class='ocrx_word' id='word_1_14' title='bbox 943 433 1080 470; x_wconf 83' lang='lat' dir='ltr'><strong>Celeris</strong></span> <span class='ocrx_word' id='word_1_15' title='bbox 1109 445 1272 469; x_wconf 87' lang='lat' dir='ltr'><strong>uxorem.</strong></span> <span class='ocrx_word' id='word_1_16' title='bbox 1299 433 1396 481; x_wconf 88' lang='lat' dir='ltr'><strong>quod</strong></span> <span class='ocrx_word' id='word_1_17' title='bbox 1411 433 1536 469; x_wconf 89' lang='lat' dir='ltr'><strong>multis</strong></span> <span class='ocrx_word' id='word_1_18' title='bbox 1550 444 1609 468; x_wconf 92' lang='lat' dir='ltr'><strong>ar-</strong></span> 
     </span>
     <span class='ocr_line' id='line_1_4' title="bbox 357 509 1608 558; baseline -0.001 -12"><span class='ocrx_word' id='word_1_19' title='bbox 357 512 541 556; x_wconf 83' lang='lat' dir='ltr'><strong>gumentis</strong></span> <span class='ocrx_word' id='word_1_20' title='bbox 567 511 721 558; x_wconf 89' lang='lat' dir='ltr'><strong>probare</strong></span> <span class='ocrx_word' id='word_1_21' title='bbox 746 514 896 546; x_wconf 85' lang='lat' dir='ltr'><strong>conatus</strong></span> <span class='ocrx_word' id='word_1_22' title='bbox 911 514 984 556; x_wconf 90' lang='lat' dir='ltr'><strong>est,</strong></span> <span class='ocrx_word' id='word_1_23' title='bbox 1001 523 1060 546; x_wconf 89' lang='lat' dir='ltr'><strong>me</strong></span> <span class='ocrx_word' id='word_1_24' title='bbox 1070 510 1194 557; x_wconf 86' lang='lat' dir='ltr'><strong>judice</strong></span> <span class='ocrx_word' id='word_1_25' title='bbox 1208 513 1333 546; x_wconf 87' lang='lat' dir='ltr'><strong>tamen</strong></span> <span class='ocrx_word' id='word_1_26' title='bbox 1348 521 1422 545; x_wconf 90' lang='lat' dir='ltr'><strong>non</strong></span> <span class='ocrx_word' id='word_1_27' title='bbox 1432 509 1608 557; x_wconf 87' lang='lat' dir='ltr'><strong>probavit.</strong></span> 
     </span>
    </p>

    <p class='ocr_par' dir='ltr' id='par_1_3' title="bbox 357 586 1622 2242">
     <span class='ocr_line' id='line_1_5' title="bbox 413 586 1609 634; baseline 0 -12"><span class='ocrx_word' id='word_1_28' title='bbox 413 586 462 622; x_wconf 92' lang='lat' dir='ltr'><strong>Ut</strong></span> <span class='ocrx_word' id='word_1_29' title='bbox 500 598 610 634; x_wconf 85' lang='lat' dir='ltr'><strong>supra</strong></span> <span class='ocrx_word' id='word_1_30' title='bbox 633 587 713 633; x_wconf 87' lang='lat' dir='ltr'><strong>jam</strong></span> <span class='ocrx_word' id='word_1_31' title='bbox 741 587 901 622; x_wconf 84' lang='lat' dir='ltr'><strong>diximus</strong></span> <span class='ocrx_word' id='word_1_32' title='bbox 929 587 1158 634; x_wconf 88' lang='lat' dir='ltr'><strong>aliquantum</strong></span> <span class='ocrx_word' id='word_1_33' title='bbox 1189 590 1286 623; x_wconf 80' lang='lat' dir='ltr'><strong>certe</strong></span> <span class='ocrx_word' id='word_1_34' title='bbox 1314 587 1485 634; x_wconf 91' lang='lat' dir='ltr'><strong>ponderis</strong></span> <span class='ocrx_word' id='word_1_35' title='bbox 1510 586 1609 634; x_wconf 89' lang='lat' dir='ltr'><strong>Apu-</strong></span> 
     </span>
     <span class='ocr_line' id='line_1_6' title="bbox 357 661 1616 709; baseline 0.001 -13"><span class='ocrx_word' id='word_1_36' title='bbox 357 661 418 707; x_wconf 88' lang='lat' dir='ltr'><strong>leji</strong></span> <span class='ocrx_word' id='word_1_37' title='bbox 454 663 664 698; x_wconf 82' lang='lat' dir='ltr'><strong>testimonio</strong></span> <span class='ocrx_word' id='word_1_38' title='bbox 700 663 846 697; x_wconf 83' lang='lat' dir='ltr'><strong>additur</strong></span> <span class='ocrx_word' id='word_1_39' title='bbox 880 663 957 698; x_wconf 92' lang='lat' dir='ltr'><strong>loco</strong></span> <span class='ocrx_word' id='word_1_40' title='bbox 996 662 1195 707; x_wconf 88' lang='lat' dir='ltr'><strong>Ovidiano,</strong></span> <span class='ocrx_word' id='word_1_41' title='bbox 1226 663 1289 709; x_wconf 91' lang='lat' dir='ltr'><strong>qui</strong></span> <span class='ocrx_word' id='word_1_42' title='bbox 1318 662 1479 698; x_wconf 85' lang='lat' dir='ltr'><strong>affirmat</strong></span> <span class='ocrx_word' id='word_1_43' title='bbox 1508 673 1616 709; x_wconf 84' lang='lat' dir='ltr'><strong>saepe</strong></span> 
     </span>
     <span class='ocr_line' id='line_1_7' title="bbox 359 720 1617 775; baseline 0 -2"><span class='ocrx_word' id='word_1_44' title='bbox 359 736 543 773; x_wconf 83' lang='lat' dir='ltr'><strong>Catullum</strong></span> <span class='ocrx_word' id='word_1_45' title='bbox 577 738 749 774; x_wconf 89' lang='lat' dir='ltr'><strong>lascivam</strong></span> <span class='ocrx_word' id='word_1_46' title='bbox 780 738 955 774; x_wconf 84' lang='lat' dir='ltr'><strong>cecinisse</strong></span> <span class='ocrx_word' id='word_1_47' title='bbox 983 739 1160 774; x_wconf 87' lang='lat' dir='ltr'><strong>feminam</strong></span> <span class='ocrx_word' id='word_1_48' title='bbox 1193 736 1276 775; x_wconf 83' lang='lat' dir='ltr'><strong>“cui</strong></span> <span class='ocrx_word' id='word_1_49' title='bbox 1305 720 1435 775; x_wconf 86' lang='lat' dir='ltr'><strong>falsum</strong></span> <span class='ocrx_word' id='word_1_50' title='bbox 1465 737 1617 774; x_wconf 83' lang='lat' dir='ltr'><strong>Lesbiae</strong></span> 
     </span>
     <span class='ocr_line' id='line_1_8' title="bbox 358 814 1610 862; baseline 0.001 -13"><span class='ocrx_word' id='word_1_51' title='bbox 358 825 494 849; x_wconf 89' lang='lat' dir='ltr'><strong>nomen</strong></span> <span class='ocrx_word' id='word_1_52' title='bbox 555 815 667 850; x_wconf 89' lang='lat' dir='ltr'><strong>erat.&#39;’</strong></span> <span class='ocrx_word' id='word_1_53' title='bbox 735 815 890 850; x_wconf 84' lang='lat' dir='ltr'><strong>Pulchre</strong></span> <span class='ocrx_word' id='word_1_54' title='bbox 952 827 1015 859; x_wconf 88' lang='lat' dir='ltr'><strong>ea,</strong></span> <span class='ocrx_word' id='word_1_55' title='bbox 1069 827 1163 862; x_wconf 88' lang='lat' dir='ltr'><strong>quae</strong></span> <span class='ocrx_word' id='word_1_56' title='bbox 1214 815 1365 850; x_wconf 82' lang='lat' dir='ltr'><strong>tradidit</strong></span> <span class='ocrx_word' id='word_1_57' title='bbox 1434 814 1610 862; x_wconf 88' lang='lat' dir='ltr'><strong>Apulejus</strong></span> 
     </span>
     <span class='ocr_line' id='line_1_9' title="bbox 358 890 1608 939; baseline 0.002 -14"><span class='ocrx_word' id='word_1_58' title='bbox 358 890 580 926; x_wconf 90' lang='lat' dir='ltr'><strong>conveniunt</strong></span> <span class='ocrx_word' id='word_1_59' title='bbox 635 902 719 926; x_wconf 90' lang='lat' dir='ltr'><strong>cum</strong></span> <span class='ocrx_word' id='word_1_60' title='bbox 763 892 888 938; x_wconf 82' lang='lat' dir='ltr'><strong>regula</strong></span> <span class='ocrx_word' id='word_1_61' title='bbox 931 903 1043 939; x_wconf 89' lang='lat' dir='ltr'><strong>quam</strong></span> <span class='ocrx_word' id='word_1_62' title='bbox 1094 893 1140 928; x_wconf 90' lang='lat' dir='ltr'><strong>de</strong></span> <span class='ocrx_word' id='word_1_63' title='bbox 1189 892 1402 928; x_wconf 89' lang='lat' dir='ltr'><strong>nominibus</strong></span> <span class='ocrx_word' id='word_1_64' title='bbox 1453 891 1608 939; x_wconf 89' lang='lat' dir='ltr'><strong>propriis</strong></span> 
     </span>
     <span class='ocr_line' id='line_1_10' title="bbox 359 966 1618 1013; baseline 0.001 -12"><span class='ocrx_word' id='word_1_65' title='bbox 359 966 453 1001; x_wconf 89' lang='lat' dir='ltr'><strong>fictis</strong></span> <span class='ocrx_word' id='word_1_66' title='bbox 492 966 680 1013; x_wconf 88' lang='lat' dir='ltr'><strong>Bentlejus</strong></span> <span class='ocrx_word' id='word_1_67' title='bbox 719 968 886 1013; x_wconf 86' lang='lat' dir='ltr'><strong>exposuit</strong></span> <span class='ocrx_word' id='word_1_68' title='bbox 923 968 969 1002; x_wconf 88' lang='lat' dir='ltr'><strong>ad</strong></span> <span class='ocrx_word' id='word_1_69' title='bbox 1008 967 1095 1003; x_wconf 89' lang='lat' dir='ltr'><strong>Hor.</strong></span> <span class='ocrx_word' id='word_1_70' title='bbox 1140 967 1206 1003; x_wconf 93' lang='lat' dir='ltr'><strong>Od.</strong></span> <span class='ocrx_word' id='word_1_71' title='bbox 1238 967 1292 1012; x_wconf 88' lang='lat' dir='ltr'><strong>II,</strong></span> <span class='ocrx_word' id='word_1_72' title='bbox 1321 967 1393 1012; x_wconf 82' lang='lat'><strong>12,</strong></span> <span class='ocrx_word' id='word_1_73' title='bbox 1423 967 1486 1003; x_wconf 88' lang='lat'><strong>13.</strong></span> <span class='ocrx_word' id='word_1_74' title='bbox 1516 967 1618 1002; x_wconf 89' lang='lat' dir='ltr'><strong>Idem</strong></span> 
     </span>
     <span class='ocr_line' id='line_1_11' title="bbox 360 1042 1613 1091; baseline 0.002 -14"><span class='ocrx_word' id='word_1_75' title='bbox 360 1054 554 1088; x_wconf 87' lang='lat' dir='ltr'><strong>numerus,</strong></span> <span class='ocrx_word' id='word_1_76' title='bbox 580 1043 708 1079; x_wconf 88' lang='lat' dir='ltr'><strong>eadem</strong></span> <span class='ocrx_word' id='word_1_77' title='bbox 737 1043 959 1091; x_wconf 75' lang='lat' dir='ltr'><strong>syllabarum</strong></span> <span class='ocrx_word' id='word_1_78' title='bbox 990 1044 1175 1091; x_wconf 88' lang='lat' dir='ltr'><strong>quantitas</strong></span> <span class='ocrx_word' id='word_1_79' title='bbox 1204 1044 1243 1079; x_wconf 91' lang='lat' dir='ltr'><strong>in</strong></span> <span class='ocrx_word' id='word_1_80' title='bbox 1271 1042 1409 1079; x_wconf 75' lang='lat' dir='ltr'><strong>Lesbia</strong></span> <span class='ocrx_word' id='word_1_81' title='bbox 1436 1046 1547 1091; x_wconf 82' lang='lat' dir='ltr'><strong>atque</strong></span> <span class='ocrx_word' id='word_1_82' title='bbox 1575 1043 1613 1078; x_wconf 91' lang='lat' dir='ltr'><strong>in</strong></span> 
     </span>
     <span class='ocr_line' id='line_1_12' title="bbox 364 1116 1617 1155; baseline 0.001 -3"><span class='ocrx_word' id='word_1_83' title='bbox 364 1116 508 1153; x_wconf 77' lang='lat' dir='ltr'><strong>Clodia.</strong></span> <span class='ocrx_word' id='word_1_84' title='bbox 546 1118 616 1154; x_wconf 89' lang='lat' dir='ltr'><strong>Sed</strong></span> <span class='ocrx_word' id='word_1_85' title='bbox 656 1131 729 1154; x_wconf 89' lang='lat' dir='ltr'><strong>non</strong></span> <span class='ocrx_word' id='word_1_86' title='bbox 767 1120 902 1155; x_wconf 86' lang='lat' dir='ltr'><strong>sufficit</strong></span> <span class='ocrx_word' id='word_1_87' title='bbox 938 1120 1207 1155; x_wconf 84' lang='lat' dir='ltr'><strong>demonstrasse</strong></span> <span class='ocrx_word' id='word_1_88' title='bbox 1245 1119 1414 1155; x_wconf 86' lang='lat' dir='ltr'><strong>Lesbiam</strong></span> <span class='ocrx_word' id='word_1_89' title='bbox 1453 1118 1617 1154; x_wconf 89' lang='lat' dir='ltr'><strong>Clodiam</strong></span> 
     </span>
     <span class='ocr_line' id='line_1_13' title="bbox 359 1195 1618 1244; baseline 0.001 -14"><span class='ocrx_word' id='word_1_90' title='bbox 359 1195 471 1231; x_wconf 89' lang='lat' dir='ltr'><strong>fuisse</strong></span> <span class='ocrx_word' id='word_1_91' title='bbox 499 1195 740 1243; x_wconf 82' lang='lat' dir='ltr'><strong>appellatam,</strong></span> <span class='ocrx_word' id='word_1_92' title='bbox 766 1196 870 1244; x_wconf 90' lang='lat' dir='ltr'><strong>plura</strong></span> <span class='ocrx_word' id='word_1_93' title='bbox 898 1196 1155 1244; x_wconf 88' lang='lat' dir='ltr'><strong>requiruntur,</strong></span> <span class='ocrx_word' id='word_1_94' title='bbox 1184 1208 1278 1244; x_wconf 89' lang='lat' dir='ltr'><strong>quae</strong></span> <span class='ocrx_word' id='word_1_95' title='bbox 1305 1196 1474 1244; x_wconf 86' lang='lat' dir='ltr'><strong>probent,</strong></span> <span class='ocrx_word' id='word_1_96' title='bbox 1506 1196 1618 1232; x_wconf 81' lang='lat' dir='ltr'><strong>fuisse</strong></span> 
     </span>
     <span class='ocr_line' id='line_1_14' title="bbox 360 1271 1617 1320; baseline 0.001 -15"><span class='ocrx_word' id='word_1_97' title='bbox 360 1281 442 1305; x_wconf 86' lang='lat' dir='ltr'><strong>eam</strong></span> <span class='ocrx_word' id='word_1_98' title='bbox 470 1272 648 1307; x_wconf 86' lang='lat' dir='ltr'><strong>famosam</strong></span> <span class='ocrx_word' id='word_1_99' title='bbox 677 1272 807 1307; x_wconf 84' lang='lat' dir='ltr'><strong>famosi</strong></span> <span class='ocrx_word' id='word_1_100' title='bbox 832 1272 969 1308; x_wconf 90' lang='lat' dir='ltr'><strong>tribuni</strong></span> <span class='ocrx_word' id='word_1_101' title='bbox 991 1272 1107 1320; x_wconf 89' lang='lat' dir='ltr'><strong>plebis</strong></span> <span class='ocrx_word' id='word_1_102' title='bbox 1131 1272 1170 1307; x_wconf 92' lang='lat' dir='ltr'><strong>P.</strong></span> <span class='ocrx_word' id='word_1_103' title='bbox 1197 1271 1313 1307; x_wconf 90' lang='lat' dir='ltr'><strong>Clodii</strong></span> <span class='ocrx_word' id='word_1_104' title='bbox 1337 1283 1510 1308; x_wconf 88' lang='lat' dir='ltr'><strong>sororem.</strong></span> <span class='ocrx_word' id='word_1_105' title='bbox 1538 1271 1617 1313; x_wconf 90' lang='lat' dir='ltr'><strong>Qua</strong></span> 
     </span>
     <span class='ocr_line' id='line_1_15' title="bbox 360 1347 1618 1394; baseline 0.002 -12"><span class='ocrx_word' id='word_1_106' title='bbox 360 1347 405 1382; x_wconf 92' lang='lat' dir='ltr'><strong>de</strong></span> <span class='ocrx_word' id='word_1_107' title='bbox 434 1359 473 1383; x_wconf 92' lang='lat' dir='ltr'><strong>re</strong></span> <span class='ocrx_word' id='word_1_108' title='bbox 501 1347 790 1394; x_wconf 85' lang='lat' dir='ltr'><strong>Jungclausenus</strong></span> <span class='ocrx_word' id='word_1_109' title='bbox 815 1349 866 1384; x_wconf 92' lang='lat' dir='ltr'><strong>ita</strong></span> <span class='ocrx_word' id='word_1_110' title='bbox 891 1349 995 1384; x_wconf 88' lang='lat' dir='ltr'><strong>dicit:</strong></span> <span class='ocrx_word' id='word_1_111' title='bbox 1023 1349 1173 1384; x_wconf 86' lang='lat' dir='ltr'><strong>“Wenn</strong></span> <span class='ocrx_word' id='word_1_112' title='bbox 1197 1361 1235 1385; x_wconf 90' lang='lat' dir='ltr'><strong>es</strong></span> <span class='ocrx_word' id='word_1_113' title='bbox 1256 1350 1316 1385; x_wconf 88' lang='lat' dir='ltr'><strong>ein</strong></span> <span class='ocrx_word' id='word_1_114' title='bbox 1342 1349 1528 1385; x_wconf 76' lang='lat' dir='ltr'><strong>Prfifstein</strong></span> <span class='ocrx_word' id='word_1_115' title='bbox 1553 1349 1618 1384; x_wconf 90' lang='lat' dir='ltr'><strong>der</strong></span> 
     </span>
     <span class='ocr_line' id='line_1_16' title="bbox 365 1423 1614 1472; baseline 0.001 -14"><span class='ocrx_word' id='word_1_116' title='bbox 365 1423 610 1469; x_wconf 79' lang='lat' dir='ltr'><strong>“Richtigkeil</strong></span> <span class='ocrx_word' id='word_1_117' title='bbox 626 1423 729 1459; x_wconf 82' lang='lat' dir='ltr'><strong>einer</strong></span> <span class='ocrx_word' id='word_1_118' title='bbox 735 1423 944 1472; x_wconf 82' lang='lat' dir='ltr'><strong>Hypothese</strong></span> <span class='ocrx_word' id='word_1_119' title='bbox 959 1425 1017 1472; x_wconf 83' lang='lat' dir='ltr'><strong>ist,</strong></span> <span class='ocrx_word' id='word_1_120' title='bbox 1034 1425 1118 1460; x_wconf 89' lang='lat' dir='ltr'><strong>dasz</strong></span> <span class='ocrx_word' id='word_1_121' title='bbox 1129 1425 1244 1460; x_wconf 87' lang='lat' dir='ltr'><strong>durch</strong></span> <span class='ocrx_word' id='word_1_122' title='bbox 1255 1425 1354 1461; x_wconf 89' lang='lat' dir='ltr'><strong>diese</strong></span> <span class='ocrx_word' id='word_1_123' title='bbox 1365 1425 1435 1460; x_wconf 87' lang='lat' dir='ltr'><strong>alle</strong></span> <span class='ocrx_word' id='word_1_124' title='bbox 1446 1425 1483 1460; x_wconf 93' lang='lat' dir='ltr'><strong>in</strong></span> <span class='ocrx_word' id='word_1_125' title='bbox 1498 1424 1614 1471; x_wconf 88' lang='lat' dir='ltr'><strong>Frage</strong></span> 
     </span>
     <span class='ocr_line' id='line_1_17' title="bbox 364 1499 1615 1548; baseline 0.002 -13"><span class='ocrx_word' id='word_1_126' title='bbox 364 1499 634 1536; x_wconf 84' lang='lat' dir='ltr'><strong>“kommenden</strong></span> <span class='ocrx_word' id='word_1_127' title='bbox 663 1501 821 1546; x_wconf 85' lang='lat' dir='ltr'><strong>Puncte,</strong></span> <span class='ocrx_word' id='word_1_128' title='bbox 851 1502 932 1536; x_wconf 90' lang='lat' dir='ltr'><strong>eine</strong></span> <span class='ocrx_word' id='word_1_129' title='bbox 961 1502 1136 1538; x_wconf 82' lang='lat' dir='ltr'><strong>treffende</strong></span> <span class='ocrx_word' id='word_1_130' title='bbox 1166 1502 1372 1548; x_wconf 77' lang='lat' dir='ltr'><strong>Erklarung</strong></span> <span class='ocrx_word' id='word_1_131' title='bbox 1401 1502 1546 1547; x_wconf 81' lang='lat' dir='ltr'><strong>finden,</strong></span> <span class='ocrx_word' id='word_1_132' title='bbox 1576 1513 1615 1537; x_wconf 92' lang='lat' dir='ltr'><strong>so</strong></span> 
     </span>
     <span class='ocr_line' id='line_1_18' title="bbox 364 1574 1613 1624; baseline 0 -13"><span class='ocrx_word' id='word_1_133' title='bbox 364 1574 435 1611; x_wconf 81' lang='lat' dir='ltr'><strong>“ist</strong></span> <span class='ocrx_word' id='word_1_134' title='bbox 470 1576 507 1611; x_wconf 91' lang='lat' dir='ltr'><strong>in</strong></span> <span class='ocrx_word' id='word_1_135' title='bbox 550 1576 615 1612; x_wconf 88' lang='lat' dir='ltr'><strong>der</strong></span> <span class='ocrx_word' id='word_1_136' title='bbox 657 1577 752 1612; x_wconf 87' lang='lat' dir='ltr'><strong>That</strong></span> <span class='ocrx_word' id='word_1_137' title='bbox 780 1577 817 1611; x_wconf 91' lang='lat' dir='ltr'><strong>in</strong></span> <span class='ocrx_word' id='word_1_138' title='bbox 847 1577 905 1612; x_wconf 89' lang='lat' dir='ltr'><strong>die</strong></span> <span class='ocrx_word' id='word_1_139' title='bbox 934 1577 1284 1624; x_wconf 80' lang='lat' dir='ltr'><strong>Glaubwiirdigheid</strong></span> <span class='ocrx_word' id='word_1_140' title='bbox 1311 1577 1501 1613; x_wconf 73' lang='lat' dir='ltr'><strong>desselben</strong></span> <span class='ocrx_word' id='word_1_141' title='bbox 1528 1577 1613 1612; x_wconf 87' lang='lat' dir='ltr'><strong>kein</strong></span> 
     </span>
     <span class='ocr_line' id='line_1_19' title="bbox 365 1634 1613 1697; baseline 0 -11"><span class='ocrx_word' id='word_1_142' title='bbox 365 1651 535 1686; x_wconf 83' lang='lat' dir='ltr'><strong>“Zweifel</strong></span> <span class='ocrx_word' id='word_1_143' title='bbox 559 1664 603 1686; x_wconf 93' lang='lat' dir='ltr'><strong>zu</strong></span> <span class='ocrx_word' id='word_1_144' title='bbox 626 1654 782 1687; x_wconf 88' lang='lat' dir='ltr'><strong>setzen.‘&#39;</strong></span> <span class='ocrx_word' id='word_1_145' title='bbox 809 1652 855 1687; x_wconf 91' lang='lat' dir='ltr'><strong>Et</strong></span> <span class='ocrx_word' id='word_1_146' title='bbox 880 1653 1012 1688; x_wconf 88' lang='lat' dir='ltr'><strong>deinde</strong></span> <span class='ocrx_word' id='word_1_147' title='bbox 1036 1634 1287 1688; x_wconf 82' lang='lat' dir='ltr'><strong>demonstrare</strong></span> <span class='ocrx_word' id='word_1_148' title='bbox 1311 1653 1452 1697; x_wconf 85' lang='lat' dir='ltr'><strong>studet,</strong></span> <span class='ocrx_word' id='word_1_149' title='bbox 1490 1653 1613 1688; x_wconf 91' lang='lat' dir='ltr'><strong>omnia</strong></span> 
     </span>
     <span class='ocr_line' id='line_1_20' title="bbox 362 1727 1617 1776; baseline 0 -13"><span class='ocrx_word' id='word_1_150' title='bbox 362 1738 455 1774; x_wconf 88' lang='lat' dir='ltr'><strong>quae</strong></span> <span class='ocrx_word' id='word_1_151' title='bbox 492 1727 538 1763; x_wconf 91' lang='lat' dir='ltr'><strong>de</strong></span> <span class='ocrx_word' id='word_1_152' title='bbox 567 1727 697 1764; x_wconf 88' lang='lat' dir='ltr'><strong>Lesbia</strong></span> <span class='ocrx_word' id='word_1_153' title='bbox 735 1732 980 1776; x_wconf 88' lang='lat' dir='ltr'><strong>quaeruntur,</strong></span> <span class='ocrx_word' id='word_1_154' title='bbox 1019 1732 1082 1764; x_wconf 92' lang='lat' dir='ltr'><strong>aut</strong></span> <span class='ocrx_word' id='word_1_155' title='bbox 1118 1740 1201 1765; x_wconf 88' lang='lat' dir='ltr'><strong>cum</strong></span> <span class='ocrx_word' id='word_1_156' title='bbox 1239 1740 1282 1764; x_wconf 90' lang='lat' dir='ltr'><strong>ea</strong></span> <span class='ocrx_word' id='word_1_157' title='bbox 1311 1729 1526 1773; x_wconf 89' lang='lat' dir='ltr'><strong>cohaerent,</strong></span> <span class='ocrx_word' id='word_1_158' title='bbox 1556 1740 1617 1776; x_wconf 94' lang='lat' dir='ltr'><strong>op-</strong></span> 
     </span>
     <span class='ocr_line' id='line_1_21' title="bbox 361 1804 1617 1851; baseline 0.001 -13"><span class='ocrx_word' id='word_1_159' title='bbox 361 1804 451 1839; x_wconf 88' lang='lat' dir='ltr'><strong>time</strong></span> <span class='ocrx_word' id='word_1_160' title='bbox 489 1805 660 1851; x_wconf 84' lang='lat' dir='ltr'><strong>explicari</strong></span> <span class='ocrx_word' id='word_1_161' title='bbox 688 1816 814 1851; x_wconf 88' lang='lat' dir='ltr'><strong>posse,</strong></span> <span class='ocrx_word' id='word_1_162' title='bbox 843 1806 873 1840; x_wconf 90' lang='lat' dir='ltr'><strong>si</strong></span> <span class='ocrx_word' id='word_1_163' title='bbox 901 1817 1035 1851; x_wconf 91' lang='lat' dir='ltr'><strong>ponas,</strong></span> <span class='ocrx_word' id='word_1_164' title='bbox 1076 1817 1158 1841; x_wconf 88' lang='lat' dir='ltr'><strong>eam</strong></span> <span class='ocrx_word' id='word_1_165' title='bbox 1187 1806 1298 1841; x_wconf 86' lang='lat' dir='ltr'><strong>fuisse</strong></span> <span class='ocrx_word' id='word_1_166' title='bbox 1326 1804 1491 1840; x_wconf 90' lang='lat' dir='ltr'><strong>Clodiam</strong></span> <span class='ocrx_word' id='word_1_167' title='bbox 1521 1805 1617 1846; x_wconf 91' lang='lat' dir='ltr'><strong>Qua-</strong></span> 
     </span>
     <span class='ocr_line' id='line_1_22' title="bbox 361 1879 1622 1928; baseline 0 -13"><span class='ocrx_word' id='word_1_168' title='bbox 361 1879 598 1916; x_wconf 87' lang='lat' dir='ltr'><strong>drantariam.</strong></span> <span class='ocrx_word' id='word_1_169' title='bbox 642 1879 760 1923; x_wconf 88' lang='lat' dir='ltr'><strong>Quam</strong></span> <span class='ocrx_word' id='word_1_170' title='bbox 803 1884 928 1917; x_wconf 83' lang='lat' dir='ltr'><strong>tamen</strong></span> <span class='ocrx_word' id='word_1_171' title='bbox 975 1881 1043 1917; x_wconf 90' lang='lat' dir='ltr'><strong>viri</strong></span> <span class='ocrx_word' id='word_1_172' title='bbox 1088 1881 1297 1917; x_wconf 91' lang='lat' dir='ltr'><strong>Doctissimi</strong></span> <span class='ocrx_word' id='word_1_173' title='bbox 1326 1880 1490 1928; x_wconf 84' lang='lat' dir='ltr'><strong>regulam</strong></span> <span class='ocrx_word' id='word_1_174' title='bbox 1532 1883 1622 1916; x_wconf 92' lang='lat' dir='ltr'><strong>tunc</strong></span> 
     </span>
     <span class='ocr_line' id='line_1_23' title="bbox 363 1957 1621 2003; baseline 0.002 -13"><span class='ocrx_word' id='word_1_175' title='bbox 363 1957 513 1991; x_wconf 90' lang='lat' dir='ltr'><strong>demum</strong></span> <span class='ocrx_word' id='word_1_176' title='bbox 556 1957 677 1991; x_wconf 88' lang='lat' dir='ltr'><strong>valere</strong></span> <span class='ocrx_word' id='word_1_177' title='bbox 718 1958 865 2003; x_wconf 83' lang='lat' dir='ltr'><strong>opinor,</strong></span> <span class='ocrx_word' id='word_1_178' title='bbox 909 1969 1023 2003; x_wconf 86' lang='lat' dir='ltr'><strong>quum</strong></span> <span class='ocrx_word' id='word_1_179' title='bbox 1066 1958 1357 1992; x_wconf 84' lang='lat' dir='ltr'><strong>demonstratum</strong></span> <span class='ocrx_word' id='word_1_180' title='bbox 1399 1958 1464 2002; x_wconf 89' lang='lat' dir='ltr'><strong>sit,</strong></span> <span class='ocrx_word' id='word_1_181' title='bbox 1507 1968 1621 1992; x_wconf 88' lang='lat' dir='ltr'><strong>unam</strong></span> 
     </span>
     <span class='ocr_line' id='line_1_24' title="bbox 362 2033 1619 2082; baseline 0 -13"><span class='ocrx_word' id='word_1_182' title='bbox 362 2036 508 2069; x_wconf 88' lang='lat' dir='ltr'><strong>tantum</strong></span> <span class='ocrx_word' id='word_1_183' title='bbox 535 2045 614 2069; x_wconf 89' lang='lat' dir='ltr'><strong>esse</strong></span> <span class='ocrx_word' id='word_1_184' title='bbox 642 2033 845 2077; x_wconf 90' lang='lat' dir='ltr'><strong>rationem,</strong></span> <span class='ocrx_word' id='word_1_185' title='bbox 874 2045 946 2080; x_wconf 89' lang='lat' dir='ltr'><strong>qua</strong></span> <span class='ocrx_word' id='word_1_186' title='bbox 976 2033 1305 2081; x_wconf 66' lang='lat' dir='ltr'><strong>quaestiones,de1</strong></span> <span class='ocrx_word' id='word_1_187' title='bbox 1319 2044 1361 2069; x_wconf 92' lang='lat' dir='ltr'><strong>ea</strong></span> <span class='ocrx_word' id='word_1_188' title='bbox 1390 2045 1428 2069; x_wconf 91' lang='lat' dir='ltr'><strong>re</strong></span> <span class='ocrx_word' id='word_1_189' title='bbox 1456 2033 1619 2082; x_wconf 86' lang='lat' dir='ltr'><strong>proposi-</strong></span> 
     </span>
     <span class='ocr_line' id='line_1_25' title="bbox 364 2109 1616 2155; baseline 0.001 -12"><span class='ocrx_word' id='word_1_190' title='bbox 364 2112 424 2144; x_wconf 89' lang='lat' dir='ltr'><strong>tae</strong></span> <span class='ocrx_word' id='word_1_191' title='bbox 461 2109 551 2144; x_wconf 88' lang='lat' dir='ltr'><strong>solvi</strong></span> <span class='ocrx_word' id='word_1_192' title='bbox 592 2109 755 2155; x_wconf 88' lang='lat' dir='ltr'><strong>possint,</strong></span> <span class='ocrx_word' id='word_1_193' title='bbox 794 2120 907 2144; x_wconf 89' lang='lat' dir='ltr'><strong>unam</strong></span> <span class='ocrx_word' id='word_1_194' title='bbox 950 2112 1094 2144; x_wconf 86' lang='lat' dir='ltr'><strong>tantum</strong></span> <span class='ocrx_word' id='word_1_195' title='bbox 1126 2120 1204 2144; x_wconf 83' lang='lat' dir='ltr'><strong>esse</strong></span> <span class='ocrx_word' id='word_1_196' title='bbox 1233 2110 1442 2153; x_wconf 87' lang='lat' dir='ltr'><strong>mulierem,</strong></span> <span class='ocrx_word' id='word_1_197' title='bbox 1472 2110 1518 2144; x_wconf 92' lang='lat' dir='ltr'><strong>de</strong></span> <span class='ocrx_word' id='word_1_198' title='bbox 1545 2120 1616 2155; x_wconf 91' lang='lat' dir='ltr'><strong>qua</strong></span> 
     </span>
     <span class='ocr_line' id='line_1_26' title="bbox 364 2185 1369 2242; baseline -0.001 -20"><span class='ocrx_word' id='word_1_199' title='bbox 364 2186 434 2242; x_wconf 72' lang='lat' dir='ltr'><strong>dici</strong></span> <span class='ocrx_word' id='word_1_200' title='bbox 461 2187 620 2234; x_wconf 80' lang='lat' dir='ltr'><strong>possint,</strong></span> <span class='ocrx_word' id='word_1_201' title='bbox 651 2198 744 2233; x_wconf 88' lang='lat' dir='ltr'><strong>quae</strong></span> <span class='ocrx_word' id='word_1_202' title='bbox 775 2186 820 2222; x_wconf 91' lang='lat' dir='ltr'><strong>de</strong></span> <span class='ocrx_word' id='word_1_203' title='bbox 850 2185 981 2222; x_wconf 87' lang='lat' dir='ltr'><strong>Lesbia</strong></span> <span class='ocrx_word' id='word_1_204' title='bbox 1011 2185 1163 2222; x_wconf 86' lang='lat' dir='ltr'><strong>tradidit</strong></span> <span class='ocrx_word' id='word_1_205' title='bbox 1194 2185 1369 2222; x_wconf 83' lang='lat' dir='ltr'><strong>Catullus.</strong></span> 
     </span>
    </p>

    <p class='ocr_par' dir='ltr' id='par_1_4' title="bbox 362 2262 1623 2538">
     <span class='ocr_line' id='line_1_27' title="bbox 418 2262 1616 2309; baseline -0.001 -11"><span class='ocrx_word' id='word_1_206' title='bbox 418 2262 490 2298; x_wconf 90' lang='lat' dir='ltr'><strong>Sed</strong></span> <span class='ocrx_word' id='word_1_207' title='bbox 518 2263 726 2306; x_wconf 87' lang='lat' dir='ltr'><strong>videamus,</strong></span> <span class='ocrx_word' id='word_1_208' title='bbox 756 2273 850 2309; x_wconf 91' lang='lat' dir='ltr'><strong>quae</strong></span> <span class='ocrx_word' id='word_1_209' title='bbox 880 2262 1170 2308; x_wconf 84' lang='lat' dir='ltr'><strong>Jungclausenus</strong></span> <span class='ocrx_word' id='word_1_210' title='bbox 1197 2273 1305 2308; x_wconf 93' lang='lat' dir='ltr'><strong>porro</strong></span> <span class='ocrx_word' id='word_1_211' title='bbox 1334 2262 1380 2296; x_wconf 87' lang='lat' dir='ltr'><strong>ad</strong></span> <span class='ocrx_word' id='word_1_212' title='bbox 1408 2262 1616 2308; x_wconf 86' lang='lat' dir='ltr'><strong>opinionem</strong></span> 
     </span>
     <span class='ocr_line' id='line_1_28' title="bbox 364 2338 1623 2386; baseline -0.002 -10"><span class='ocrx_word' id='word_1_213' title='bbox 364 2340 653 2376; x_wconf 86' lang='lat' dir='ltr'><strong>confirmandam</strong></span> <span class='ocrx_word' id='word_1_214' title='bbox 683 2340 856 2375; x_wconf 88' lang='lat' dir='ltr'><strong>attulerit.</strong></span> <span class='ocrx_word' id='word_1_215' title='bbox 887 2338 995 2374; x_wconf 87' lang='lat' dir='ltr'><strong>Initio</strong></span> <span class='ocrx_word' id='word_1_216' title='bbox 1025 2338 1352 2385; x_wconf 82' lang='lat' dir='ltr'><strong>argumentationis</strong></span> <span class='ocrx_word' id='word_1_217' title='bbox 1378 2338 1453 2386; x_wconf 89' lang='lat' dir='ltr'><strong>ipse</strong></span> <span class='ocrx_word' id='word_1_218' title='bbox 1476 2338 1623 2386; x_wconf 88' lang='lat' dir='ltr'><strong>profite-</strong></span> 
     </span>
     <span class='ocr_line' id='line_1_29' title="bbox 363 2414 1622 2462; baseline -0.002 -12"><span class='ocrx_word' id='word_1_219' title='bbox 363 2418 443 2460; x_wconf 87' lang='lat' dir='ltr'><strong>tur,</strong></span> <span class='ocrx_word' id='word_1_220' title='bbox 473 2426 566 2462; x_wconf 85' lang='lat' dir='ltr'><strong>quae</strong></span> <span class='ocrx_word' id='word_1_221' title='bbox 594 2415 743 2462; x_wconf 89' lang='lat' dir='ltr'><strong>protulit</strong></span> <span class='ocrx_word' id='word_1_222' title='bbox 771 2415 869 2449; x_wconf 90' lang='lat' dir='ltr'><strong>credi</strong></span> <span class='ocrx_word' id='word_1_223' title='bbox 900 2425 971 2449; x_wconf 92' lang='lat' dir='ltr'><strong>non</strong></span> <span class='ocrx_word' id='word_1_224' title='bbox 1002 2425 1126 2461; x_wconf 90' lang='lat' dir='ltr'><strong>posse,</strong></span> <span class='ocrx_word' id='word_1_225' title='bbox 1156 2415 1226 2449; x_wconf 91' lang='lat' dir='ltr'><strong>nisi</strong></span> <span class='ocrx_word' id='word_1_226' title='bbox 1255 2414 1302 2449; x_wconf 87' lang='lat' dir='ltr'><strong>ab</strong></span> <span class='ocrx_word' id='word_1_227' title='bbox 1331 2425 1393 2459; x_wconf 88' lang='lat' dir='ltr'><strong>eo,</strong></span> <span class='ocrx_word' id='word_1_228' title='bbox 1424 2414 1486 2460; x_wconf 91' lang='lat' dir='ltr'><strong>qui</strong></span> <span class='ocrx_word' id='word_1_229' title='bbox 1515 2414 1622 2448; x_wconf 91' lang='lat' dir='ltr'><strong>intel-</strong></span> 
     </span>
     <span class='ocr_line' id='line_1_30' title="bbox 362 2490 1623 2538; baseline -0.002 -11"><span class='ocrx_word' id='word_1_230' title='bbox 362 2492 493 2528; x_wconf 86' lang='lat' dir='ltr'><strong>lexerit</strong></span> <span class='ocrx_word' id='word_1_231' title='bbox 530 2491 713 2527; x_wconf 89' lang='lat' dir='ltr'><strong>Catullum</strong></span> <span class='ocrx_word' id='word_1_232' title='bbox 751 2491 893 2538; x_wconf 88' lang='lat' dir='ltr'><strong>puellae</strong></span> <span class='ocrx_word' id='word_1_233' title='bbox 931 2494 1075 2526; x_wconf 88' lang='lat' dir='ltr'><strong>amatae</strong></span> <span class='ocrx_word' id='word_1_234' title='bbox 1112 2491 1228 2526; x_wconf 90' lang='lat' dir='ltr'><strong>multa</strong></span> <span class='ocrx_word' id='word_1_235' title='bbox 1264 2490 1436 2526; x_wconf 81' lang='lat' dir='ltr'><strong>tribuisse</strong></span> <span class='ocrx_word' id='word_1_236' title='bbox 1462 2490 1558 2526; x_wconf 90' lang='lat' dir='ltr'><strong>bona</strong></span> <span class='ocrx_word' id='word_1_237' title='bbox 1586 2493 1623 2525; x_wconf 87' lang='lat' dir='ltr'><strong>et</strong></span> 
     </span>
    </p>
   </div>
   <div class='ocr_carea' id='block_1_3' title="bbox 363 2566 1623 2616">
    <p class='ocr_par' dir='ltr' id='par_1_5' title="bbox 363 2566 1623 2616">
     <span class='ocr_line' id='line_1_31' title="bbox 363 2566 1623 2616; baseline -0.002 -13"><span class='ocrx_word' id='word_1_238' title='bbox 363 2567 568 2616; x_wconf 88' lang='lat' dir='ltr'><strong>praeclara,</strong></span> <span class='ocrx_word' id='word_1_239' title='bbox 598 2578 691 2614; x_wconf 91' lang='lat' dir='ltr'><strong>quae</strong></span> <span class='ocrx_word' id='word_1_240' title='bbox 720 2578 794 2602; x_wconf 92' lang='lat' dir='ltr'><strong>non</strong></span> <span class='ocrx_word' id='word_1_241' title='bbox 822 2566 969 2612; x_wconf 86' lang='lat' dir='ltr'><strong>habuit,</strong></span> <span class='ocrx_word' id='word_1_242' title='bbox 1000 2566 1212 2602; x_wconf 89' lang='lat' dir='ltr'><strong>Ciceronem</strong></span> <span class='ocrx_word' id='word_1_243' title='bbox 1242 2569 1367 2602; x_wconf 90' lang='lat' dir='ltr'><strong>contra</strong></span> <span class='ocrx_word' id='word_1_244' title='bbox 1397 2566 1511 2601; x_wconf 89' lang='lat' dir='ltr'><strong>multa</strong></span> <span class='ocrx_word' id='word_1_245' title='bbox 1538 2577 1623 2601; x_wconf 90' lang='lat' dir='ltr'><strong>con-</strong></span> 
     </span>
    </p>
   </div>
  </div>
 </body>
</html>
