1892 3007
926 259 978 295 18

320 388 420 429 sent,
464 385 587 421 divino
629 386 705 433 igni
747 386 919 431 afflatus,
957 370 1135 421 conficere
1177 388 1318 433 posset,
1356 385 1420 421 sed
1463 385 1579 420 multa

319 463 501 496 testantur
536 461 664 508 longas
700 462 989 506 lucubrationes,
1013 473 1078 508 per
1120 472 1211 508 quas
1246 463 1353 507 poeta
1389 471 1470 496 eam
1508 460 1577 496 sibi

317 535 505 571 doctrinae
533 537 675 583 copiam
710 537 912 583 paraverit,
952 547 1046 583 quae
1084 548 1114 571 e.
1153 548 1186 582 g.
1216 536 1254 571 in
1284 535 1445 571 carmine
1474 545 1577 570 secu-

314 611 381 645 lari
398 611 450 658 (Ἷ)
467 614 511 646 εἴ
532 612 648 657 elegia
676 612 723 647 ad
742 612 930 657 *Manlium
955 612 1182 658 perspicitur.
1209 611 1291 646 Jam
1317 611 1347 646 si
1372 610 1573 654 concedas,

316 697 401 721 eum
438 698 513 722 non
540 690 582 722 ut
607 687 723 722 Cinna
757 699 897 723 nonum
935 686 1111 734 pressisse
1149 687 1186 722 in
1225 697 1363 722 annum
1393 685 1575 730 carmina,

317 773 437 808 neque
461 766 585 797 tamen
612 766 654 797 ut
681 763 901 798 Hortensius
928 766 1030 797 stans
1057 762 1148 808 pede
1177 763 1215 797 in
1242 774 1316 797 uno
1350 762 1466 796 multa
1495 772 1575 796 ver-

318 848 426 871 suum
454 837 568 872 millia
598 837 752 884 scripsit.

372 912 424 946 3⁰.
455 911 672 956 Videamus,
711 912 928 958 quibuscum
967 911 1130 946 Catullus
1164 911 1269 946 dulce
1307 911 1491 945 amicitiae
1520 910 1576 946 vel

316 987 451 1022 amoris
488 987 674 1022 vinculum
711 986 953 1034 conjunxerit.
990 986 1159 1022 Cornelio
1190 986 1322 1033 Nepoti
1362 985 1575 1021 Carminum

316 1075 466 1098 suorum
511 1064 676 1099 libellum
722 1064 923 1109 dedicavit,
961 1065 1024 1111 qui
1062 1064 1124 1099 illa
1160 1065 1199 1099 in
1242 1063 1432 1099 Chronicis
1478 1075 1576 1098 com·
1627 1072 1629 1074 ’

285 1172 293 1177 ,
316 1142 595 1175 memoraverat.
616 1142 625 1160 ¹
663 1139 734 1175 Hic
779 1143 903 1175 autem
950 1140 1114 1187 aequalis
1151 1140 1220 1175 fuit
1262 1140 1374 1175 Attici
1392 1141 1417 1175 ².
1471 1139 1574 1182 Quae

315 1225 375 1249 res
418 1214 572 1249 suadere
614 1215 778 1259 videtur,
820 1218 861 1250 ut
903 1227 1042 1250 annum
1083 1218 1212 1262 poetae
1254 1216 1370 1251 nostri
1411 1215 1572 1250 natalem

315 1293 401 1325 ante
439 1302 577 1325 annum
615 1290 694 1325 676
731 1302 922 1338 ponamus.
961 1291 1102 1327 Deinde
1140 1303 1223 1327 cum
1262 1290 1371 1327 Calvo
1401 1291 1568 1338 componi

314 1366 403 1401 solet
416 1366 598 1411 Catullus,
614 1367 651 1401 in
664 1378 780 1413 eaque
795 1367 1052 1413 conjunctione
1067 1379 1211 1414 semper
1224 1368 1324 1414 prior
1339 1367 1549 1402 nominatur
1559 1394 1568 1410 ,

313 1441 430 1488 quod,
469 1454 692 1489 quamquam
722 1446 777 1479 est
810 1443 912 1490 parvi
941 1444 1126 1489 monenti,
1164 1446 1289 1479 tamen
1317 1455 1392 1479 non
1420 1443 1569 1478 omnino

311 1517 572 1563 negligendum
595 1518 759 1562 videtur3
784 1519 984 1568 verisimile
1005 1519 1104 1554 enim
1142 1522 1197 1554 est
1224 1519 1294 1554 hoc
1322 1518 1403 1554 ideo
1431 1519 1568 1554 factum

311 1605 409 1639 esse,
457 1594 555 1640 quod
598 1593 761 1629 Catullus
809 1594 927 1641 major
972 1597 1062 1630 natu
1107 1597 1213 1630 esset.
1262 1593 1394 1630 Calvus
1441 1597 1565 1629 autem

311 1673 419 1705 natus
459 1673 538 1706 erat
584 1682 681 1706 anno
728 1669 817 1706 673.
849 1670 1034 1718 Denique:
1066 1670 1217 1716 Lesbia,
1257 1682 1369 1718 quam
1408 1669 1569 1705 Catullus

308 1747 465 1791 amavit,
494 1758 515 1782 a
552 1747 678 1782 multis
707 1747 867 1782 creditur
905 1747 1017 1782 fuisse
1056 1747 1202 1794 Clodia,
1242 1759 1346 1783 soror
1384 1746 1570 1781 Ciceronis

307 1821 447 1856 inimici
458 1833 467 1865 ;
508 1833 602 1868 quae
640 1822 853 1868 hypothesis
901 1823 932 1857 si
980 1833 1066 1857 vera
1104 1822 1170 1867 sit,
1215 1822 1293 1857 fieri
1335 1822 1484 1868 nequit,
1525 1823 1566 1856 ut

311 1895 474 1931 Catullus
503 1899 612 1931 natus
639 1897 687 1931 sit
716 1908 813 1932 anno
843 1896 933 1932 676.
963 1897 1024 1932 Sic
1053 1898 1152 1932 enim
1181 1897 1395 1944 deperiisset
1418 1896 1566 1942 juvenis

310 1971 577 2018 duodeviginti¹
596 1983 777 2007 annorum
800 1972 990 2007 mulierem
1013 1972 1092 2019 jam
1116 1972 1267 2019 triginta
1297 1974 1333 2007 et
1362 1983 1426 2007 sex
1454 1982 1570 2007 annos

310 2050 454 2091 natam,
490 2047 588 2093 quod
626 2058 736 2093 quam
773 2047 973 2082 absurdum
1010 2048 1078 2093 sit,
1120 2048 1240 2083 dicere
1277 2059 1353 2083 non
1381 2059 1471 2094 opus
1496 2050 1561 2082 est.

312 2122 477 2158 Eandem
506 2123 582 2157 fere
609 2123 773 2169 profiteri
802 2123 946 2159 videtur
974 2124 1185 2171 opinionem
1209 2117 1479 2168 Mommsenus,
1507 2123 1570 2169 qui

311 2200 349 2233 in
387 2198 624 2233 annotatione
660 2199 707 2233 ad
744 2211 777 2245 p.
817 2198 896 2234 316
933 2202 1020 2234 tom.
1060 2200 1095 2234 3.
1124 2199 1218 2234 Hist.
1248 2199 1355 2235 Rom.
1386 2198 1449 2246 (ed
1479 2198 1572 2246 3³³)

313 2274 382 2309 ait:
425 2274 516 2309 “Die
552 2285 623 2309 uns
660 2274 923 2310 aufbehaltene
961 2273 1178 2321 Sammlung
1214 2273 1472 2321 (Catullischer
1502 2274 1572 2309 Ge-

319 2349 480 2397 “dichte)
518 2350 565 2385 ist
602 2350 673 2385 voll
701 2361 771 2385 von
801 2349 1059 2397 Beziehungen
1088 2350 1155 2386 auf
1187 2350 1246 2386 die
1274 2349 1481 2397 Ereignisse
1510 2350 1576 2385 der

362 2532 369 2550 ¹
396 2529 500 2558 Carm.
526 2531 553 2557 1.

361 2593 372 2611 2
394 2591 499 2619 Natus
522 2592 590 2619 erat
612 2590 698 2618 circa
718 2597 836 2618 annum
859 2591 898 2619 90
920 2591 996 2618 ante
1020 2590 1095 2618 Chr.
1117 2599 1148 2618 n.
