1892 3007
793 265 872 303 113

204 397 285 429 sent
320 397 465 441 peccata
503 393 672 437 Lesbiae,
710 403 853 439 semper
892 391 1053 427 Catullus
1090 401 1173 426 eam
1210 399 1335 425 amare
1373 399 1454 436 per-

204 469 311 513 gebat
340 469 385 515 (c.
416 469 495 516 85).
525 468 632 512 Odit,
660 468 724 503 sed
744 467 852 503 simul
879 470 978 502 amat
1004 469 1041 502 et
1068 478 1111 502 ea
1140 477 1179 501 re
1206 465 1453 501 miserrimum

203 554 242 578 se
270 553 348 578 esse
375 543 566 578 hominum
595 543 769 588 queritur.
800 541 968 576 Meminit
996 540 1196 584 malorum,
1213 550 1306 586 quae
1321 537 1450 574 Lesbia

203 599 422 664 perpetravit
449 618 512 653 sed
539 617 648 652 simul
674 617 799 652 scribit
818 628 825 651 :
845 617 1070 663 “dispeream
1082 644 1091 661 ,
1107 616 1177 651 nisi
1191 616 1295 650 amo”
1312 615 1358 661 (c.
1374 613 1455 659 92).

204 691 371 728 Totidem
420 692 519 727 enim
560 695 645 727 sunt
689 690 845 727 Lesbiae
886 693 997 738 atque
1041 690 1153 738 ipsius
1192 689 1346 733 Catulli,
1388 687 1456 723 sibi

204 768 359 803 invicem
395 768 664 813 imprecantur,
702 768 767 802 sed
805 770 928 801 tamen
957 769 1093 801 amant.
1125 766 1170 800 Et
1199 766 1331 800 iterum
1362 765 1457 799 dulci

203 841 474 888 conjunguntur
505 841 640 877 amoris
680 841 843 884 vinculo;
885 841 1108 888 “insperanti
1138 841 1202 876 sed
1233 840 1365 887 cupido
1395 850 1457 885 op-

204 917 370 962 tantique
397 917 466 951 hoc
494 916 645 961 obtigit”
659 943 668 960 ,
705 917 803 962 quod
832 916 962 951 Lesbia
990 927 1029 951 se
1072 915 1213 950 Catullo
1251 917 1459 949 restitueret

206 990 253 1038 (c.
290 989 407 1038 107),
444 993 734 1038 proponeretque
772 1002 935 1026 amorem
973 991 1070 1026 inter
1105 1002 1144 1026 se
1177 992 1288 1037 atque
1314 992 1459 1037 poetam

208 1069 424 1113 perpetuum
461 1068 558 1109 fore,
596 1066 694 1112 quod
724 1077 745 1100 a
789 1066 859 1101 diis
898 1066 1041 1112 magnis
1070 1065 1233 1101 Catullus
1272 1067 1460 1112 precatur,

208 1146 249 1178 ut
274 1152 400 1178 verum
428 1141 582 1186 faciant,
611 1145 807 1188 ratumque
834 1140 994 1177 habeant
1018 1141 1065 1188 (c.
1095 1140 1202 1189 109).

265 1217 337 1253 Sed
364 1228 451 1253 mox
475 1217 623 1262 Lesbia,
653 1217 764 1253 oblita
793 1228 936 1262 eornm,
965 1228 1059 1264 quae
1086 1217 1322 1264 promiserat,
1365 1217 1461 1252 furta

211 1293 419 1337 renovavit,
462 1292 571 1327 tidem
610 1292 744 1327 iterum
780 1292 902 1336 laesit,
950 1293 1001 1327 ita
1039 1295 1079 1327 ut
1117 1291 1279 1327 Catullus
1317 1302 1461 1327 summa

208 1369 322 1404 animi
360 1368 592 1404 contentione
621 1367 771 1414 longum
808 1367 1015 1414 deposuerit
1046 1378 1230 1412 amorem,
1267 1378 1339 1413 quo
1367 1368 1461 1402 facto

213 1444 329 1490 elegia
355 1442 405 1478 76
429 1454 615 1478 summum
640 1443 823 1487 dolorem,
852 1444 915 1489 qui
938 1443 1110 1478 intimum
1135 1455 1198 1478 cor
1221 1442 1461 1487 dilacerabat,

208 1518 396 1564 expressit.
426 1517 511 1552 Mox
537 1520 683 1562 tamen,
713 1518 902 1553 occasione
930 1517 1069 1561 oblata,
1110 1517 1267 1552 Romam
1295 1517 1462 1563 reliquit,

209 1596 250 1628 ut
287 1604 360 1628 non
398 1592 553 1639 amplius
581 1603 663 1627 eam
701 1592 859 1637 videret,
889 1603 999 1639 quam
1033 1595 1224 1638 tantopere
1252 1596 1439 1627 amaverat
1453 1620 1462 1636 ,

213 1678 442 1714 quacumque
470 1670 547 1702 tam
569 1666 692 1703 dulces
717 1666 956 1714 conjunxerat
993 1678 1146 1703 amores.
1172 1667 1215 1702 In
1244 1667 1460 1715 Bithyniam

209 1744 391 1790 profectus
416 1746 471 1778 est
495 1754 578 1779 cum
600 1742 773 1779 Memmio
797 1746 983 1790 praetore,
1012 1744 1161 1779 homine
1184 1744 1343 1789 nefario,
1367 1755 1464 1779 anno

212 1818 264 1853 59
292 1829 324 1853 a.
355 1817 439 1853 Chr.
471 1817 560 1852 Inde
589 1817 699 1853 rediit
726 1828 823 1853 anno
852 1817 923 1862 56,
954 1829 996 1853 eo
1026 1818 1103 1865 ipso
1133 1830 1250 1863 anno,
1281 1830 1353 1865 quo
1383 1818 1464 1854 Clo-

210 1893 270 1929 dia
299 1893 462 1929 Caelium
501 1904 606 1928 reum
635 1893 720 1928 fecit
757 1893 803 1928 de
830 1894 885 1937 vi,
926 1894 989 1939 qui
1018 1905 1040 1928 a
1070 1893 1245 1929 Cicerone
1273 1894 1463 1938 defensus,

205 1968 374 2014 judicum
403 1968 596 2002 sententiis
625 1967 811 2002 absolutus
837 1970 901 2002 est.
935 1966 1005 2002 Sed
1033 1967 1158 2003 Clodia
1182 1969 1220 2002 in
1243 1968 1319 2003 dies
1343 1968 1464 2015 pejor,

211 2043 447 2086 contemtior,
476 2042 581 2077 vilior
609 2042 720 2077 fiebat
747 2045 785 2077 et
813 2042 912 2088 Bajis
941 2046 977 2078 et
1007 2043 1145 2078 Romae
1173 2046 1215 2078 ut
1235 2047 1393 2078 scortum
1421 2055 1465 2078 ex

212 2118 337 2153 infima
373 2117 477 2163 plebe
516 2117 676 2164 ,vivebat
725 2116 845 2158 Quum
893 2118 983 2153 haec
1020 2118 1254 2165 comperisset
1302 2117 1464 2153 Catullus

211 2193 520 2239 intellexissetque
544 2193 710 2233 oratione
736 2192 921 2228 Ciceronis
946 2205 1011 2240 pro
1040 2193 1162 2229 Caelio
1177 2193 1285 2240 hujus
1301 2194 1463 2229 mulieris

213 2268 402 2304 malefacta
425 2278 490 2314 per
514 2267 680 2302 omnium
708 2278 771 2303 ora
795 2279 876 2303 esse
900 2268 1084 2314 divulgata
1109 2269 1328 2304 acerrimum
1343 2269 1388 2304 de
1402 2270 1464 2304 tali

213 2343 354 2378 nefaria
369 2342 512 2389 puellae
538 2342 722 2388 quondam
739 2346 882 2378 amatae
899 2343 1101 2378 sceleritate
1116 2345 1292 2390 expraesit
1305 2344 1466 2380 dolorem

212 2430 241 2454 c.
267 2418 335 2464 58,
361 2429 381 2454 e
405 2429 476 2465 quo
503 2420 602 2464 patet
625 2421 770 2465 poetam
795 2430 878 2454 cum
903 2417 1024 2455 Caelio
1048 2419 1322 2455 reconciliatum
1346 2420 1466 2456 fuisse.

214 2494 390 2530 Ultimum
434 2493 479 2528 de
508 2492 641 2528 Lesbia
670 2494 779 2529 verba
818 2495 905 2529 facit
942 2495 981 2529 in
1026 2506 1055 2529 c.
1085 2494 1132 2530 11
1147 2522 1156 2539 ‚
1186 2496 1283 2541 quod
1310 2494 1366 2532 uti
1389 2496 1468 2542 jam

223 2568 382 2604 diximus
409 2570 555 2614 propter
578 2567 616 2602 in
650 2578 693 2602 eo
728 2572 1013 2605 commemorata
1043 2570 1166 2616 magni
1196 2569 1360 2606 Caesaris
1390 2583 1468 2607 mo-

1417 2638 1440 2676 8
