1892 3007
863 246 912 281 57

325 372 451 420 Neque
467 374 504 409 in
520 374 577 409 his
592 374 760 410 servilem
773 374 810 409 in
821 374 972 409 modum
983 373 1247 409 Callimachum
1258 377 1363 420 poeta
1373 377 1519 409 secutus

271 452 345 493 est,
374 461 493 496 neque
516 450 625 485 nimis
651 450 696 485 ab
725 450 910 497 exemplo,
939 450 1036 497 quod
1065 450 1133 485 sibi
1162 453 1399 497 proposuerat
1415 450 1519 485 aber-

272 524 384 567 ravit,
434 535 552 570 neque
593 524 714 570 lingua
757 536 844 559 usus
892 527 946 559 est
991 526 1106 571 poetis
1155 525 1331 559 Romanis
1374 536 1521 571 prorsus

270 600 425 636 insolita.

326 675 443 712 Lubet
471 677 529 712 hie
557 676 710 721 addere,
736 676 1038 712 Valckenaerium
1062 676 1282 724 paullulum,
1312 688 1399 724 pace
1428 671 1527 712 tanti=

273 753 339 788 viri
367 753 541 797 dixerim,
565 753 781 789 dormitasse
812 754 902 788 mihi
932 765 1077 800 quoque
1102 753 1236 798 videri,
1261 765 1373 800 quum
1396 754 1522 800 genui-

273 839 362 863 num
389 839 467 863 esse
494 828 692 875 posterius,
722 828 820 875 quod
844 828 1091 872 laudavimus,
1116 829 1296 863 distichon
1326 832 1476 875 negaret
1495 832 1517 863 ¹.

274 904 331 940 Ad
368 916 477 951 quam
514 905 734 939 sententiam
771 908 927 950 quatuor
963 905 1156 951 praecipue
1184 905 1409 951 argumentis
1438 917 1518 952 per-

275 980 404 1015 ductus
433 991 511 1015 esse
539 979 699 1014 videtur:

327 1056 379 1091 1⁰.
406 1057 502 1102 quod
518 1057 613 1091 clare
628 1056 826 1101 fulgentem
843 1060 948 1102 poeta
963 1057 1094 1091 horum
1109 1068 1279 1091 versuum
1295 1068 1438 1091 comam
1454 1057 1522 1091 Be-

274 1132 413 1167 renices
443 1132 480 1166 in
505 1131 603 1167 coelo
628 1131 734 1176 dicit,
750 1131 837 1166 dum
854 1131 1112 1167 Eratosthenes
1129 1135 1282 1167 testatur
1297 1132 1445 1179 reginae
1459 1144 1523 1167 no-

275 1220 358 1243 men
389 1214 539 1257 ἀμαυροῖς
565 1212 641 1244 ἑπτὰ
668 1208 846 1242 sideribus
861 1219 940 1243 esse
956 1209 1081 1242 datum
1098 1210 1111 1230 ²
1124 1236 1133 1251 ‚
1149 1209 1250 1253 cujus
1276 1209 1525 1243 Eratosthenis

279 1282 385 1319 verba
424 1281 643 1318 Scholiastes
680 1282 717 1317 in
756 1282 891 1318 Aratea
920 1282 1128 1318 Germanici
1156 1283 1207 1318 ita
1235 1282 1364 1318 Latine
1393 1283 1521 1318 vertit:

280 1360 472 1394 “videntur
514 1359 606 1393 aliae
635 1359 759 1393 stellae
788 1359 962 1393 obscurae
990 1361 1171 1404 septem’',
1200 1363 1257 1394 cet
1282 1362 1306 1393 ³.

330 1434 382 1469 2⁰.
417 1433 533 1479 “Cur,
560 1433 738 1481 “quaeso’'
765 1433 895 1469 deinde
919 1434 989 1479 ait,
1004 1434 1063 1469 “in
1089 1434 1158 1469 hac
1180 1445 1245 1470 sua
1264 1434 1522 1482 pollicitatione

277 1511 475 1556 fingeretur
497 1520 518 1544 a
547 1509 786 1545 Callimacho:
831 1510 946 1544 “levia
991 1510 1210 1556 protendens
1237 1510 1386 1545 brachia
1396 1510 1436 1544 ‘?⁷'
1453 1511 1472 1524 '⁹

329 1587 384 1623 3⁰.
414 1586 597 1634 Imprimis
630 1589 666 1622 et
693 1586 731 1622 id
749 1585 832 1632 jure
856 1586 1022 1634 quidem,
1056 1586 1088 1622 ei
1117 1585 1307 1633 displicent
1331 1586 1391 1622 isti
1414 1584 1525 1622 multi

277 1663 446 1699 Deorum.
492 1662 647 1698 “Nonne
683 1663 914 1707 metuisset'’,
956 1663 1006 1697 ita
1048 1663 1304 1707 ratiocinatur,
1349 1662 1524 1698 “istorum

281 1740 463 1775 “Deorum
486 1739 682 1775 vindictam
694 1767 703 1783 ,
719 1750 809 1785 quos
830 1742 1034 1774 ceterorum
1047 1750 1200 1774 numero
1216 1739 1411 1783 eximeret,
1427 1739 1526 1774 velut

281 1816 372 1851 “hoc
408 1816 503 1851 dono
541 1815 661 1850 minus
690 1814 872 1861 dignos”‘?

333 1892 385 1926 4⁰.
417 1891 605 1926 Postremo
633 1890 798 1937 perhibet
825 1891 890 1926 hos
915 1902 1038 1925 versus
1063 1891 1263 1937 superfluos
1287 1902 1365 1926 esse
1394 1894 1430 1925 et
1447 1890 1526 1936 jam

279 1966 444 2002 sufficere
472 1977 564 2013 quae
591 1966 710 2013 paullo
738 1969 820 2012 post
848 1966 949 2001 addit
977 1977 1026 2001 vs.
1052 1965 1123 2001 61:

739 2047 814 2077 “sed
835 2055 895 2077 nos
916 2055 1045 2084 quoque
1066 2047 1262 2083 fulgeremus

595 2109 750 2140 “devotae
773 2110 848 2139 flavi
870 2110 1002 2140 verticis
1024 2109 1192 2140 exuviae.'⁷

335 2183 436 2225 Quae
460 2195 542 2218 cum
566 2183 617 2218 ita
631 2183 705 2218 sint
719 2182 785 2218 hos
801 2194 923 2218 versus
939 2194 1006 2218 nec
1021 2182 1283 2218 Callimacheos
1297 2193 1375 2218 esse
1385 2210 1394 2226 ,
1410 2193 1528 2229 neque

282 2257 424 2302 Catulli,
439 2258 503 2294 sed
518 2258 555 2293 in
570 2269 741 2293 versuum
754 2257 886 2303 locum,
901 2258 962 2304 qui
979 2258 1016 2293 in
1031 2257 1245 2293 membrana
1261 2257 1454 2293 veterrima
1470 2257 1529 2292 vix

280 2334 351 2380 legi
374 2334 577 2381 potuerint,
603 2333 649 2368 ab
672 2333 742 2368 alio
763 2333 869 2380 longe
885 2334 1087 2369 recentiore
1100 2336 1206 2380 poeta
1221 2333 1434 2368 substitutos
1450 2344 1529 2368 esse

319 2462 324 2480 ¹
350 2459 579 2496 Valckenaer.‚
610 2467 638 2494 p.
670 2459 707 2487 84
732 2466 778 2495 sq.
809 2458 967 2495 Bosseha,
990 2467 1019 2494 p.
1044 2459 1091 2487 18.
1114 2458 1250 2495 Haupt„
1272 2459 1309 2494 Q.
1334 2458 1369 2487 C.
1393 2467 1423 2494 p.
1447 2459 1487 2488 80
1510 2466 1557 2495 sq.

315 2523 327 2542 ⁴2
348 2521 389 2550 111
414 2520 571 2550 cataster.
594 2521 715 2551 Leonis
738 2520 815 2557 cap.
838 2521 918 2550 XII.
942 2521 1098 2550 Valcken.
1120 2529 1150 2557 p.
1178 2521 1227 2549 35.

315 2586 327 2605 ³
350 2584 409 2613 Ed.
433 2583 575 2622 Morelli,
601 2591 630 2619 p.
654 2584 722 2612 114.
746 2583 919 2620 Valcken.,
942 2591 971 2619 p.
994 2584 1042 2612 43.
