1892 3007
936 200 988 236 40

329 327 504 364 Bar-thius
541 328 794 364 demonstrare
831 330 983 364 conatus
1020 331 1086 364 est.
1126 326 1198 363 Sed
1239 327 1431 365 “universe
1460 327 1588 365 doetus

330 403 463 438 dicitur
491 403 528 437 in
559 414 625 438 sua
654 402 808 450 quisque
836 405 915 439 arte
942 402 1113 449 peritus.”

383 477 438 513 Ex
461 478 530 513 hac
553 477 819 524 significatione
845 476 978 512 Catulli
1002 488 1203 524 cognomen
1227 477 1481 524 explicandum
1507 482 1586 515 esse

327 554 466 600 opinor.
493 553 605 589 Poeta
630 550 757 588 doetus
780 551 889 588 debet
911 555 1121 605 poematum
1145 552 1480 600 componendorum
1503 565 1584 589 esse

326 629 474 675 peritus,
491 628 586 671 Quid
600 629 670 664 hoc
683 627 945 674 significaverit
958 639 1000 664 eo
1015 630 1179 674 tempore
1189 655 1198 672 ‚
1214 639 1286 674 quo
1302 627 1464 664 Catullus
1475 628 1583 672 vixit,

327 715 371 738 ex
395 704 456 748 iis,
480 714 574 750 quae
596 713 705 750 supra
728 702 825 737 dicta
848 705 954 747 sunt,
978 702 1059 737 luce
1083 702 1215 738 clarius
1238 705 1397 750 apparet.
1414 702 1485 745 Qui
1509 714 1583 739 non

323 782 467 814 tantum
483 778 633 814 Graecis
647 777 779 813 litteris
790 805 799 823 ‚
820 778 883 814 sed
899 780 936 813 et
953 777 1120 814 doctrina
1135 777 1385 815 Alexandrina
1400 778 1561 815 imbutus
1572 807 1581 824 ‚

322 833 459 898 studia,
471 854 692 898 doctrinam,
708 853 864 900 vigilias,
881 853 1109 900 impenderet
1122 852 1169 888 ad
1179 856 1262 900 apte
1272 855 1309 889 et
1319 854 1408 889 scite
1421 854 1584 891 carmina

320 930 533 976 pangenda,
562 941 582 964 e
612 929 745 976 quibus
773 929 864 964 haec
887 929 1011 964 omnia
1043 931 1280 982 apparerent,
1309 929 1340 964 is
1372 929 1463 967 artis
1495 940 1582 964 suae

320 1005 457 1051 peritus
481 1007 569 1040 erat.
595 1003 657 1039 Sic
680 1003 811 1039 Calvus
835 1003 881 1039 ob
910 1002 994 1038 “Io'’
1020 1001 1148 1039 doctus
1171 1003 1290 1039 dictus
1313 1006 1388 1048 est;
1418 1004 1471 1040 sic
1502 1004 1582 1040 sine

321 1079 430 1114 dubio
454 1079 624 1114 Helvium
651 1079 807 1113 Cinnam
831 1078 1053 1125 aequaleset
1066 1079 1175 1114 amici
1190 1078 1236 1114 ob
1256 1077 1496 1124 “Smyrnam'’
1511 1079 1581 1114 hoc

323 1154 540 1200 cognomine
560 1154 852 1196 honoraverunt3
867 1153 921 1189 sic
941 1153 1099 1200 denique
1115 1152 1278 1189 Catullus
1291 1152 1419 1188 doctus
1433 1156 1581 1190 vocatus
1620 1148 1625 1152 ’

320 1232 396 1273 est,
420 1229 505 1275 quia
528 1228 706 1273 Graecos,
730 1228 911 1276 imprimis
926 1223 1217 1264 Alexandrin‘um
1233 1227 1496 1263 Callimachum
1511 1227 1580 1265 sihi

318 1305 484 1351 exemplo
507 1305 771 1351 proposuisset,
796 1316 826 1340 e.
842 1316 876 1350 g.
901 1316 1015 1351 quum
1029 1304 1185 1350 elegiam
1200 1304 1413 1341 Callimachi
1428 1304 1579 1340 Hortalo

318 1379 436 1414 amico
462 1379 626 1414 mitteret
644 1381 667 1413 ¹.
694 1359 891 1414 Praeterea
903 1378 980 1425 ipse
994 1381 1151 1415 testatur
1164 1390 1203 1415 se
1218 1379 1256 1414 in
1270 1379 1394 1415 animo
1408 1378 1579 1415 habuisse

319 1454 435 1490 Gellio
447 1457 473 1498 ²,
490 1466 600 1500 quem
615 1453 684 1489 sibi
698 1454 814 1489 lenire
828 1453 984 1497 studuit,
1000 1454 1186 1489 “carmina
1196 1455 1343 1489 mittere
1352 1454 1576 1489 Battiadae.”

371 1528 484 1566 Docti
506 1530 619 1577 igitur
641 1539 844 1576 cognomen
865 1539 939 1564 non
964 1528 1149 1566 immerito
1174 1541 1220 1566 ex
1234 1529 1443 1577 aequalium
1461 1530 1578 1577 opini-

316 1618 386 1642 one
410 1605 552 1641 Catullo
580 1605 708 1641 datum
736 1616 835 1649 esse,
857 1616 903 1639 ex
926 1604 982 1640 his
1011 1604 1181 1641 omnibus
1203 1604 1292 1641 satis
1316 1608 1475 1652 apparet.
1504 1604 1578 1640 Im-

315 1681 423 1716 butus
447 1683 526 1716 erat
553 1680 701 1727 ingenio
725 1680 796 1715 isto
821 1678 1092 1725 Alexandrino,
1121 1679 1219 1727 quod
1248 1679 1389 1726 vigilias
1415 1679 1577 1727 spirabat

315 1759 352 1791 et
372 1756 500 1803 longas
517 1755 799 1792 lucubrationes.
817 1754 981 1791 Romani
999 1758 1143 1800 autem,
1169 1755 1231 1802 qui
1257 1754 1389 1792 Catulli
1412 1757 1576 1803 tempore

316 1831 485 1866 vivebant
495 1858 505 1875 ,
521 1831 738 1877 stupendam
762 1830 862 1866 illam
886 1830 1091 1866 doctrinam
1102 1857 1111 1874 ,
1135 1841 1230 1876 quae
1240 1857 1249 1875 ‚
1264 1841 1295 1865 e.
1311 1841 1344 1876 g.
1359 1830 1398 1865 in
1413 1819 1575 1869 carmine

313 1906 365 1940 66
389 1906 528 1949 elucet,
543 1905 822 1940 admirabantur
846 1908 883 1941 et
910 1906 1036 1951 magni
1065 1905 1265 1950 faciebant,
1289 1917 1377 1950 nec,
1405 1906 1469 1952 qui
1492 1909 1574 1953 post

313 1981 496 2017 Catullum
521 1983 651 2028 poetae
675 1980 712 2015 in
737 1980 869 2017 litteris
895 1980 1036 2016 Latinis
1050 1980 1289 2026 exstiterunt,
1304 1992 1344 2017 se
1357 1980 1487 2017 studiis
1503 1980 1573 2017 illis

310 2056 508 2091 reconditis
532 2065 656 2091 carere
684 2067 791 2102 posse
820 2055 1063 2091 crediderunt.

364 2130 628 2167 Verumtamen
651 2141 802 2178 poeseos
826 2132 997 2167 naturam
1019 2130 1070 2167 ita
1091 2129 1204 2167 deleri
1227 2132 1264 2167 et
1287 2131 1451 2167 carmina
1473 2142 1572 2168 com-

307 2207 415 2253 poni,
440 2218 533 2254 quae
558 2217 632 2242 non
657 2206 865 2242 carminum
894 2208 1044 2241 nomine
1073 2206 1184 2253 digna
1214 2209 1321 2251 sunt,
1350 2209 1427 2242 tam
1455 2218 1500 2242 ex
1527 2207 1572 2242 iis

306 2284 477 2330 apparet,
502 2293 597 2330 quae
624 2282 702 2330 ipse
733 2281 897 2318 Catullus
925 2281 972 2318 ad
1000 2282 1209 2330 exemplum
1237 2281 1570 2320 Alexandrinorum

340 2463 348 2482 ¹
373 2459 422 2489 Cf.
444 2467 473 2489 c.
494 2459 554 2497 65,
577 2459 663 2497 quod
685 2458 816 2496 scripsit
837 2467 935 2496 quum
958 2459 998 2488 ad
1021 2459 1190 2490 Hortalum
1214 2466 1241 2490 c.
1266 2459 1482 2490 semineret.

340 2516 352 2534 ²·
375 2514 424 2542 Cf.
447 2521 473 2542 c.
498 2515 567 2543 116.
