1892 3007
569 1037 821 1080 CAPUT
868 1036 1192 1081 SEXTUM.

406 1447 454 1472 DE
486 1446 664 1472 CARMINE
697 1446 807 1471 LXIII.
839 1446 888 1471 DE
920 1446 1054 1472 METRO
1086 1446 1364 1471 GALLIAMBlCO.

316 1564 397 1599 Non
422 1564 459 1598 in
493 1564 607 1609 elegia
628 1567 792 1608 tanturn,
817 1576 926 1611 quam
947 1564 993 1599 ad
1014 1563 1279 1599 Callimacheae
1305 1564 1509 1610 exemplum

263 1639 504 1686 composuerit
529 1638 710 1684 Catullus,
734 1639 798 1674 sed
821 1640 859 1674 in
884 1639 962 1675 aliis
987 1650 1132 1686 quoque
1155 1638 1377 1674 carminibus
1391 1639 1511 1674 imita-

262 1716 371 1750 tionis
394 1715 723 1750 Alexandrinorum
748 1715 940 1750 manifesta
963 1715 1111 1761 vestigia
1142 1714 1363 1761 deprehendi
1387 1726 1509 1761 posse,

255 1773 320 1826 *res
348 1790 425 1837 ipsa
452 1790 621 1837 loquitur.
656 1789 749 1825 Sunt
785 1790 827 1825 in·
861 1789 938 1836 ejus
975 1789 1094 1825 libello
1133 1790 1307 1824 nonnulla
1345 1793 1511 1836 poemata

263 1865 400 1901 Graeca
439 1865 596 1913 quadam
632 1869 729 1911 arte,
768 1865 905 1901 Graeco
934 1865 1091 1913 quodam
1121 1877 1223 1900 more
1251 1866 1448 1912 composita
1476 1869 1512 1901 et

263 1943 420 1988 primum
450 1942 597 1987 quidem
624 1942 720 1977 inter
747 1953 789 1976 ea
817 1942 935 1977 locum
969 1941 1108 1976 obtinet
1137 1953 1283 1976 carmen
1317 1942 1362 1976 de
1387 1942 1512 1976 Attine

262 2029 326 2053 seu
354 2017 399 2052 de
427 2016 533 2063 Atty,
563 2016 660 2063 quod
687 2016 795 2052 hodie
821 2017 935 2052 fertur
961 2017 1029 2052 sub
1056 2028 1209 2052 numero
1237 2016 1367 2051 LXIII.

318 2092 371 2127 De
399 2103 470 2139 quo
500 2093 661 2127 carmine
689 2103 762 2127 non
791 2092 967 2139 disputari
996 2103 1101 2139 posse
1128 2092 1219 2126 mihi
1251 2092 1410 2137 videtur,
1443 2093 1514 2128 nisi

264 2168 364 2215 prius
388 2168 433 2203 de
448 2167 554 2203 metri
571 2166 798 2203 Galliambici
821 2170 951 2203 natura
975 2168 1162 2215 inquisitio
1185 2168 1406 2204 instituatur.
1431 2168 1512 2204 Non

265 2244 362 2279 enim
391 2243 497 2278 aliter
518 2242 684 2289 judicare
711 2243 833 2279 licebit
861 2243 906 2278 de
934 2243 1075 2287 multis,
1105 2254 1199 2289 quae
1226 2244 1261 2278 in
1297 2247 1438 2279 textum
1468 2245 1515 2280 ob

265 2319 372 2354 metri
396 2318 639 2365 ignorantiam
668 2318 910 2365 irrepserunt,
935 2318 1225 2375 corruptionibus
1258 2322 1293 2353 et
1317 2319 1362 2354 de
1390 2330 1516 2354 emen-

264 2395 489 2445 dationibus,
515 2406 604 2442 quas
629 2395 706 2429 Viri
721 2394 824 2429 Docti
840 2395 877 2429 in
896 2406 1043 2430 carmen
1058 2397 1223 2430 nostrum
1238 2400 1514 2441 proposuerunt.

266 2469 370 2512 Quod
397 2481 510 2517 quum
539 2469 629 2504 mihi
657 2481 869 2516 persuasum
896 2469 962 2514 sit,
990 2469 1149 2520 primum
1178 2470 1295 2505 dicam
1324 2470 1370 2505 de
1398 2474 1515 2507 metro

266 2545 521 2590 Galliambico,
558 2556 651 2592 quae
688 2546 764 2591 ipsa
802 2545 996 2592 disputatio
1032 2557 1090 2580 me
1131 2546 1177 2580 ad
1221 2546 1389 2581 Virorum
1432 2547 1516 2582 doc-
