1892 3007
805 206 884 242 119

224 314 386 371 carmina
434 333 658 370 discordiam
697 333 794 368 inter
830 334 996 368 amantes
1033 333 1149 367 ortam
1189 339 1267 364 esse
1301 309 1478 374 produnt,

219 410 319 457 prius
351 410 543 454 leviorem,
574 408 718 456 saepius
748 407 844 443 bona
873 418 955 442 cum
980 407 1096 452 gratia
1111 405 1346 453 compositam
1358 437 1367 454 ‚
1383 419 1477 454 quae

221 485 353 521 deinde
391 488 515 521 tamen
552 483 769 531 gravissima
807 482 901 519 facta
939 485 1013 527 est,
1051 482 1183 529 quippe
1210 494 1282 529 qua
1309 494 1413 519 amor
1440 484 1478 519 in

222 561 348 596 odium
376 571 570 595 conversus
600 559 805 594 dissolutus
834 560 900 592 est.
929 557 1105 592 Videmus
1120 557 1218 592 enim
1234 557 1365 593 Catulli
1379 569 1480 593 amo-

219 646 319 680 rem,
362 634 528 682 quamvis
567 633 696 670 Clodia
734 634 858 680 peccet
885 631 964 667 fieri
991 631 1320 677 vehementiorem3
1349 633 1478 669 mulie-

224 721 302 745 rem
344 711 442 745 enim
479 709 664 745 immerito
706 711 865 744 amatam
895 707 933 741 in
962 718 991 742 c.
1021 707 1119 742 104:
1154 706 1305 742 “Credis
1333 719 1393 742 me
1415 719 1478 754 po-

219 786 333 821 tuisse
371 796 476 821 meae
513 784 737 821 maledicere
777 783 891 818 vitae’'
927 785 1052 818 contra
1084 782 1265 829 quendam
1295 782 1475 828 defendit,

218 861 280 906 qui
315 860 424 895 verbo
465 860 587 906 aliquo
616 858 789 894 Lesbiam
818 858 1065 904 vituperante,
1095 858 1191 903 quod
1220 857 1322 892 dolor
1347 861 1475 904 poetae

219 938 447 980 excusserat,
494 934 647 980 abusus,
689 933 840 970 Lesbiae
870 932 1052 968 Catullum
1092 932 1309 969 maledicere
1346 944 1472 969 narra-

219 1014 331 1047 verat.

274 1086 348 1122 Sed
383 1098 456 1122 non
492 1097 636 1133 semper
672 1096 778 1121 caeca
816 1084 994 1132 cupiditas
1029 1084 1067 1120 in
1097 1084 1229 1120 Catulli
1254 1085 1377 1120 animo
1406 1085 1470 1120 do-

220 1162 402 1197 minatum
439 1161 608 1204 retinuit:
647 1161 797 1196 tandem
835 1161 977 1195 fortiter
1013 1162 1120 1206 poeta
1159 1160 1310 1206 indigno
1337 1160 1472 1195 restitit

218 1238 354 1282 amori,
391 1237 488 1284 quod
525 1237 603 1272 fieri
640 1237 805 1272 videmus
842 1236 880 1271 in
915 1247 945 1271 c.
977 1235 1046 1270 72:
1080 1235 1256 1271 “Dicebas
1285 1236 1468 1282 quondam

226 1313 343 1348 solum
371 1315 408 1347 te
435 1323 543 1348 nosse
570 1311 786 1347 Catullum'’.
817 1311 962 1347 Similes
991 1314 1140 1358 questus
1169 1310 1330 1346 Catullus
1358 1311 1472 1346 edidit

224 1389 262 1424 in
301 1388 524 1424 carminibus
553 1387 602 1423 87
633 1391 670 1424 et
699 1387 769 1433 75,
792 1387 871 1435 jam
900 1399 921 1423 a
950 1386 1133 1434 Scaligero
1161 1388 1257 1422 inter
1279 1398 1358 1422 sese
1386 1398 1470 1422 con-

218 1465 367 1512 junctis.

273 1541 322 1576 At
351 1552 424 1576 non
454 1541 570 1576 solum
598 1541 637 1575 in
667 1540 851 1584 Clodiam,
888 1539 952 1575 sed
980 1539 1091 1575 etiam
1119 1539 1158 1574 in
1185 1539 1363 1584 aemulos,
1392 1540 1472 1585 qui-

217 1617 372 1653 buscum
408 1628 451 1653 ea
487 1616 716 1652 adulterabat
755 1615 917 1651 Catullus
947 1615 1184 1650 vehementer
1211 1615 1374 1650 invectus
1404 1618 1469 1650 est.

217 1692 329 1737 Vide,
368 1704 460 1739 quae
498 1692 544 1727 de
582 1691 723 1726 Ravido
751 1691 844 1725 dixit
870 1702 899 1726 c.
929 1690 1001 1734 40,
1030 1690 1075 1725 de
1103 1690 1174 1725 alio
1202 1690 1320 1725 amico
1345 1701 1374 1725 c.
1405 1689 1467 1724 60.

219 1768 389 1805 Fortasse
433 1768 505 1804 huc
548 1778 693 1815 quoque
731 1746 893 1803 convicia
929 1765 1120 1801 referenda
1157 1768 1262 1811 sunt,
1300 1776 1393 1812 quae
1430 1765 1468 1801 in

222 1844 396 1879 Alfenum
423 1843 578 1889 conjecit
606 1854 635 1877 c.
665 1842 728 1876 30.

279 1919 462 1967 Imprimis
501 1930 587 1954 vero
624 1918 663 1953 in
700 1917 746 1953 M.
776 1916 939 1952 Caelium
969 1916 1106 1952 Rufum
1135 1916 1274 1952 acerbis
1303 1916 1474 1952 carmini-

218 1996 286 2031 bus
339 1995 504 2030 invectus
550 1996 624 2037 est,
662 1993 724 2039 qui
761 1992 925 2028 Clodiam
962 2003 984 2027 a
1020 1996 1126 2038 poeta
1162 1992 1403 2036 alienaverat,
1442 2003 1470 2027 c.

222 2071 293 2117 77,
332 2083 361 2107 c.
405 2070 456 2106 69
495 2073 531 2105 et
561 2071 714 2106 fortasse
751 2069 913 2105 carmine
951 2080 1095 2116 quoque
1135 2067 1195 2104 73.
1235 2068 1293 2104 Ad
1316 2068 1472 2105 eundem

221 2148 361 2184 Rufum
400 2149 552 2183 fortasse
589 2146 820 2182 referendum
850 2150 906 2181 est
941 2158 971 2182 c.
1001 2146 1063 2181 59.
1093 2146 1267 2188 Quamvis
1295 2147 1394 2180 enim
1424 2145 1471 2180 M.

224 2224 367 2261 Caelius
405 2224 524 2260 Rufus
552 2235 573 2260 a
601 2222 775 2260 Cicerone
812 2223 969 2259 candore
997 2226 1034 2258 et
1060 2223 1277 2270 proceritate
1305 2226 1341 2258 et
1368 2223 1470 2259 vultu

225 2303 411 2348 oculisque
456 2302 616 2350 pulchris
653 2302 806 2347 insignis
842 2301 953 2336 fuisse
990 2300 1143 2344 dicitur,
1180 2302 1305 2335 tamen
1342 2310 1416 2334 non
1451 2311 1472 2334 a

222 2381 298 2418 veri
346 2380 457 2416 simili
496 2379 691 2416 abhorrere
729 2377 942 2414 Schwabius
980 2376 1168 2424 opinatur,
1205 2374 1368 2412 Caelium
1406 2363 1475 2412 hoc

226 2458 388 2494 carmine
422 2456 594 2501 indicari,
623 2456 707 2503 quia
736 2454 898 2491 Catullus
932 2453 1142 2489 hominibus
1171 2454 1257 2490 olim
1286 2453 1354 2489 sibi
1383 2452 1475 2488 ami-

226 2536 401 2580 cissimis,
440 2536 469 2571 si
507 2535 632 2582 postea
669 2532 809 2569 inimici
842 2532 928 2568 facti
956 2534 1099 2576 essent,
1127 2531 1337 2579 turpissima
1365 2542 1475 2579 quae-
