1892 3007
914 208 993 244 104

347 347 426 371 esse
454 347 559 383 posse
588 335 753 371 ordinem
783 335 1078 383 chronologicum
1096 338 1119 371 ¹.
1151 335 1199 372 Ut
1235 337 1429 383 pristinum
1457 336 1604 373 restitu-

346 414 424 446 eret
448 412 485 446 in
516 411 736 447 carminibus
764 411 809 446 de
834 411 963 447 Lesbia
991 411 1176 455 ordinem,
1206 411 1456 447 Froehlichius
1486 412 1599 447 histo-

348 487 441 523 riam
479 486 611 523 Catulli
650 498 736 533 erga
774 486 869 522 hanc
907 486 1099 522 mulierem
1136 486 1271 522 amoris
1308 487 1346 522 in
1375 489 1451 523 tres
1482 486 1606 523 divisit

347 565 479 607 partes.
510 562 552 596 In
579 562 735 608 primam
764 561 955 608 periodum
983 562 1105 596 omnia
1133 562 1269 596 cadunt
1295 553 1492 610 carminax'
1509 573 1601 608 quae

349 649 391 672 eo
429 640 592 684 tempore
629 638 762 684 scripta
798 640 903 681 sunt,
941 649 1013 685 quo
1054 634 1230 673 Catullus
1267 635 1437 673 Lesbiam
1476 648 1600 673 amare

347 710 486 760 coepit,
525 711 628 761 isque
665 724 767 748 amor
796 711 837 747 in
866 711 946 747 dies
970 710 1095 748 crevit.
1136 712 1194 747 Ad
1221 712 1380 748 alteram
1403 713 1526 748 omnia
1558 724 1600 748 ea

345 788 549 834 pertinent,
588 800 682 835 quae
720 788 919 835 composita
956 792 1041 824 sunt
1069 800 1183 835 quum
1217 787 1324 824 rixae
1352 791 1386 824 et
1415 787 1602 824 discordia

348 864 515 897 amantes
543 860 819 911 disjunoeerunt.
849 863 972 898 Tertia
1001 863 1159 910 denique
1181 863 1352 910 periodus
1374 875 1417 899 ea
1441 864 1604 899 continet

347 939 537 982 carmina‚'
562 949 656 984 quae
684 941 827 984 tempus
856 938 1061 982 celebrant,
1091 950 1163 985 quo
1185 937 1313 986 prisca
1337 937 1451 974 rediit
1484 938 1605 974 Venus

348 1011 588 1061 diductosque
608 1011 706 1061 juqo
735 1011 851 1060 eoeqz‘t
879 1024 1002 1048 aeneo.

405 1089 463 1123 Ad
486 1089 645 1135 primam
668 1089 860 1135 periodum
883 1089 1067 1134 pertinere
1090 1092 1232 1124 censet:

381 1177 409 1198 c.
433 1170 461 1198 2.
485 1169 604 1198 Passer
626 1169 761 1198 deliciae
783 1176 874 1198 meae
896 1168 1033 1204 puellae.

380 1239 407 1259 e.
430 1233 459 1259 3.
483 1232 630 1267 Lugete,
652 1238 670 1259 ο
694 1231 840 1260 Veneres
863 1231 1114 1267 Cupidinesque.

381 1299 407 1320 e.
431 1291 460 1320 5.
486 1291 660 1328 vivamus,
682 1299 754 1320 mea
775 1291 906 1321 Lesbia.

381 1363 408 1383 c.
434 1356 461 1384 7.
484 1354 639 1391 Quaeris,
662 1356 742 1390 quot
763 1354 841 1383 mihi
866 1354 1070 1384 basiationes.

379 1424 406 1445 c.
430 1417 478 1445 13.
502 1415 643 1444 Cenabis
664 1415 763 1452 bene,
786 1416 829 1444 mi
851 1416 999 1445 Fabulle.

381 1486 408 1508 c.
430 1479 479 1507 43.
503 1478 618 1515 Salve,
640 1485 701 1507 nec
722 1478 853 1507 minimo
876 1479 985 1515 puella
1006 1487 1094 1508 naso.

381 1549 410 1582 c.
432 1541 481 1570 51.
504 1541 566 1570 Ille
588 1541 632 1569 mi
654 1549 712 1576 par
733 1548 805 1570 esse
826 1541 887 1570 deo
909 1542 1048 1570 videtur.

380 1611 406 1632 ο.
431 1604 478 1632 70.
501 1603 590 1632 Nulli
613 1610 648 1632 se
670 1603 749 1632 dicit
771 1604 887 1632 mulier
908 1611 990 1632 mea.

380 1672 407 1694 c.
428 1666 477 1694 86.
500 1665 634 1701 Quintia
655 1665 796 1694 formosa
818 1666 876 1694 est.
892 1688 899 1699 ‚

346 1735 479 1782 quibus
508 1736 662 1771 fortasse
685 1734 961 1781 adjungendum
990 1738 1045 1771 est
1073 1747 1101 1770 c.
1132 1735 1183 1770 68
1212 1736 1423 1782 elegiacum.

401 1810 459 1846 Ad
487 1811 641 1847 alteram
671 1811 861 1858 periodum
890 1811 1082 1847 referenda
1111 1814 1214 1847 sunt:

382 1917 388 1934 ὲ
414 1914 468 1943 Sic
497 1915 592 1943 simul
621 1915 762 1943 refutata
794 1915 888 1952 sunt,
912 1922 995 1951 quae
1035 1914 1171 1949 protulit
1199 1914 1320 1944 Zellius
1354 1913 1605 1949 (Feriensehrif—

340 1977 416 2009 ten,
442 1976 478 2013 Ι,
492 1984 522 2012 p.
549 1977 606 2004 125
618 1981 693 2013 sqq)
722 1977 776 2013 qui
800 1976 943 2006 carmina
965 1976 1085 2005 Catulli
1105 1977 1146 2005 ad
1167 1976 1319 2006 Lesbiam
1341 1976 1537 2012 pertinentia
1560 1984 1606 2004 re-

338 2039 465 2067 censuit
498 2038 530 2067 in
563 2039 707 2067 ordinem
724 2061 731 2075 ,
763 2040 798 2067 ut
831 2039 900 2074 ipse
930 2039 1010 2068 dicit
1039 2040 1174 2068 naturae
1203 2038 1271 2074 (“in
1294 2038 1382 2068 ihrer
1402 2038 1607 2067 natiirlichen

339 2100 532 2137 Ordnung'’)
560 2101 580 2129 i.
603 2109 631 2130 e.
654 2102 684 2130 in
711 2101 838 2139 ordine,
862 2102 925 2138 qu‘o
948 2102 980 2130 in
1002 2101 1128 2139 libello,
1150 2101 1294 2131 utinune
1306 2100 1601 2138 editur,leguntur.

337 2164 514 2193 Praeterea
546 2164 707 2200 permulta
736 2165 894 2202 earmina,
914 2172 997 2201 quae
1019 2172 1084 2193 non
1107 2172 1178 2194 eum
1201 2165 1272 2201 eJus
1294 2164 1448 2201 opinione
1471 2172 1607 2200 congru-

337 2225 451 2263 ebant,
481 2225 606 2262 omisit,
636 2226 735 2255 nullis
766 2226 902 2256 redditis
939 2227 1133 2263 rationibus,
1156 2234 1183 2255 e.
1213 2235 1243 2262 g.
1267 2234 1293 2256 c.
1317 2228 1371 2264 11,
1395 2227 1447 2263 13,
1471 2227 1527 2263 37,
1550 2227 1607 2263 43,

337 2289 392 2325 70,
426 2289 480 2325 79,
513 2289 570 2325 86,
603 2289 662 2325 87,
695 2290 731 2317 91
767 2291 801 2318 et
834 2290 901 2318 100.
923 2289 987 2326 Qui
1009 2290 1059 2318 tot
1080 2289 1227 2327 talesque
1250 2290 1351 2319 testes
1376 2296 1440 2318 non
1461 2287 1606 2325 audivit,

339 2350 411 2384 ejus
433 2358 562 2386 quoque
593 2352 756 2380 sententia
785 2359 849 2380 non
882 2352 1044 2381 audienda
1063 2359 1134 2381 esse
1157 2352 1295 2381 videtur.
1317 2352 1368 2380 De
1390 2352 1460 2387 ipsa
1484 2351 1604 2380 Lesbia

336 2410 417 2441 haec
445 2412 564 2448 garrit:
595 2412 683 2441 “Der
713 2412 910 2456 cigentliehe
939 2413 1042 2443 Name
1064 2413 1171 2443 seiner
1191 2413 1382 2451 Geliebten,
1403 2413 1456 2442 die
1478 2421 1514 2443 er
1535 2412 1607 2443 hier

338 2474 478 2503 “Lesbia
509 2476 626 2513 neunt,
660 2483 729 2504 war
762 2476 887 2505 Clodia.
921 2476 977 2505 Sic
1007 2483 1076 2505 war
1097 2483 1155 2505 aus
1177 2476 1307 2505 verona
1329 2476 1393 2505 und
1417 2476 1513 2505 somit
1534 2475 1607 2505 eine

334 2535 577 2566 Landsmannin
601 2536 757 2567 Catulls.''
