1892 3007
822 226 896 263 111

236 355 328 392 vicia
354 355 392 391 in
416 367 498 392 eam
525 355 741 403 conjecisse,
771 365 865 402 quae
893 366 967 390 non
994 366 1118 391 veram
1146 355 1309 391 referunt
1338 353 1486 389 Clodiae

236 432 445 478 imaginem.
485 431 615 468 Cetera
652 432 703 467 ait
730 431 880 479 pulchre
908 432 1100 467 convenire
1128 431 1297 467 Lesbiam
1326 431 1421 466 inter
1449 433 1485 465 et

238 507 402 544 Clodiam
430 508 565 544 omnia.

290 584 405 619 Allius
434 584 592 628 amicus,
621 583 673 618 ita
702 583 770 619 sibi
800 582 931 618 Catulli
960 582 1123 630 depingit
1145 594 1328 627 amorem,
1345 582 1484 617 Romae

235 659 385 695 domum
413 659 512 694 dedit
541 658 682 694 Catullo
712 659 973 704 dominaeque,
1002 658 1040 693 in
1068 670 1141 704 qua
1169 669 1311 693 amores
1339 669 1489 693 exerce-

235 737 318 770 rent
341 746 564 771 communes.
590 734 655 770 Illa
680 734 828 770 domina
856 737 944 770 tunc
966 734 1139 781 temporis
1158 732 1236 780 jam
1260 736 1372 780 nupta
1398 736 1486 768 erat.

235 810 360 846 Clodia
390 823 534 858 quoque
561 815 675 858 nupta
697 815 776 846 erat
800 823 883 847 cum
909 810 950 853 Q.
974 810 1118 845 Metello
1144 810 1259 845 Celeri
1285 813 1321 845 et
1347 809 1487 845 Romae

235 898 380 934 quoque
405 887 558 923 vivebat.
597 887 732 922 Amore
759 887 968 922 vehementi
996 889 1181 933 correptus
1209 889 1264 921 est
1287 888 1414 932 poeta,
1444 889 1486 920 ut

238 962 284 997 de
313 974 353 998 se
381 963 456 1009 ipse
485 963 556 1007 ait,
585 975 615 998 c.
646 962 719 1007 68,
749 962 820 997 53:

372 1073 461 1103 “cum
483 1074 607 1102 tautum
628 1073 791 1111 arderem,
813 1074 967 1110 quantum
990 1072 1157 1101 TrinacrIa
1181 1080 1277 1108 rupes

451 1135 665 1172 “lymphaque
687 1136 718 1164 in
742 1135 874 1165 Oetaeis
895 1135 993 1164 Malia
1014 1134 1273 1172 Thermopylis.”

293 1237 397 1279 Quod
434 1238 484 1273 ita
520 1249 585 1284 per
619 1239 718 1273 haud
744 1238 854 1274 breve
882 1241 1025 1285 tempus
1056 1239 1218 1283 duravit,
1259 1238 1313 1273 uti
1342 1241 1441 1284 patet
1470 1250 1490 1273 e

242 1324 393 1350 carmm.
431 1313 475 1359 5,
517 1312 558 1359 7,
597 1312 669 1359 51,
708 1313 752 1359 2,
782 1313 826 1358 3,
857 1312 928 1359 86,
959 1312 1029 1359 83,
1059 1313 1121 1349 68.
1152 1313 1382 1361 Quamquam
1412 1325 1484 1348 non

236 1390 346 1424 nimis
383 1390 578 1425 stultorum
615 1401 717 1424 more
753 1390 928 1424 molestus
964 1393 1042 1424 erat
1070 1389 1251 1434 Catullus,
1281 1393 1404 1424 tamen
1435 1390 1485 1424 ita

234 1476 409 1501 numerus
446 1465 616 1501 dominae
652 1465 832 1500 furtorum
867 1465 1000 1511 crevit,
1037 1468 1079 1500 ut
1116 1465 1212 1500 fama
1253 1476 1318 1512 per
1357 1465 1488 1500 urbem

235 1542 411 1585 ferretur,
440 1541 528 1576 dum
556 1540 718 1576 Catullus
747 1542 913 1576 Veronae
940 1544 1036 1576 esset
1054 1541 1242 1587 “quemvis
1271 1541 1317 1576 de
1342 1541 1491 1576 meliore

235 1619 322 1651 nota
358 1616 488 1662 frigida
526 1616 668 1652 deserto
706 1617 906 1663 tepefacere
945 1616 1109 1652 membra
1151 1616 1292 1652 cubili.’'
1331 1616 1410 1658 Qua
1440 1617 1485 1651 de

237 1702 364 1727 caussa
401 1692 546 1726 rediens
585 1691 742 1727 Romam
774 1691 854 1737 jam
892 1692 939 1738 (si
977 1692 1076 1726 enim
1105 1703 1133 1726 c.
1166 1691 1215 1726 70
1243 1692 1289 1726 ad
1317 1693 1481 1727 carmina

236 1767 281 1803 de
310 1767 440 1804 Lesbia
464 1768 744 1804 adscribendum
768 1767 831 1815 sit)
856 1767 946 1804 adeo
970 1767 1157 1804 diffidebat
1194 1771 1316 1804 amata
1348 1768 1491 1815 puella,

235 1847 277 1877 ut
287 1863 297 1867 ·
305 1844 357 1878 sic
385 1844 612 1890 opinaretur:

535 1956 683 1992 mulier,
705 1956 821 1990 cupido
845 1956 930 1991 quod
952 1956 1031 1984 dicit
1052 1947 1173 1984 aman'ti

454 2017 512 2046 “In
536 2018 632 2046 vento
655 2018 688 2046 et
709 2017 820 2053 rapida
841 2016 981 2046 scribere
1005 2018 1134 2053 oportet
1154 2016 1269 2054 aqua.”

291 2104 407 2150 Magis
428 2105 618 2150 magisque
642 2107 766 2149 turpes
782 2103 935 2138 Lesbiae
955 2115 1075 2139 mores
1089 2107 1233 2150 poetam
1249 2104 1295 2139 ab
1310 2105 1388 2150 ipsa
1404 2105 1491 2139 alie-

234 2182 389 2225 narunt,
411 2179 462 2215 ita
476 2182 620 2225 tamen,
645 2181 687 2215 ut
712 2189 878 2215 amorem
901 2178 1065 2215 nondum
1080 2178 1260 2227 deponere
1273 2183 1411 2227 posset,
1434 2181 1488 2216 uti

236 2259 417 2293 testantur
440 2268 469 2292 c.
496 2255 566 2300 72,
593 2268 621 2291 c.
648 2255 716 2301 87,
742 2255 976 2302 conjunctum
992 2268 1075 2292 cum
1090 2268 1118 2292 c.
1137 2256 1197 2292 75.
1214 2256 1347 2292 Omnia
1362 2258 1491 2293 suade—

236 2331 344 2378 bant,
358 2335 400 2368 ut
423 2343 504 2367 eam
527 2332 648 2368 valere
666 2330 823 2379 juberet.
848 2330 919 2368 Sed
943 2343 1064 2378 amor,
1089 2333 1142 2368 uti
1167 2333 1288 2369 tenuis
1309 2333 1376 2370 sub
1391 2336 1491 2369 artus

237 2410 386 2444 flamma
414 2408 644 2443 demanabat.
675 2407 747 2443 Sed
775 2420 889 2454 quum
917 2420 1012 2443 unus
1041 2420 1085 2443 ex
1113 2412 1220 2454 poeta
1248 2410 1394 2454 amicis,
1419 2410 1490 2445 for-

236 2488 334 2521 tasse
349 2484 396 2520 M.
413 2483 679 2520 CaeliusRufus
691 2512 700 2529 ‚
716 2487 858 2530 orator,
874 2483 936 2531 qui
952 2496 1023 2519 non
1041 2487 1125 2520 ante
1141 2496 1279 2521 annum
1296 2484 1375 2521 694
1391 2485 1432 2521 U.
1448 2484 1487 2523 C.

239 2572 284 2596 ex
312 2561 454 2606 Africa,
484 2561 544 2596 ubi
574 2572 657 2596 cum
681 2561 896 2607 proconsule
925 2559 990 2595 Cn.
1021 2560 1193 2608 Pompejo
1226 2561 1321 2596 Rufo
1349 2562 1489 2609 fuerat,
