1892 3007
810 242 888 278 125

362 366 499 395 “Lesbia
523 366 660 395 formosa
685 368 751 404 est,
775 374 857 403 quae
880 374 950 395 cum
975 365 1192 402 pulcherrima
1212 366 1330 403 totmat,

398 428 498 458 “Tum
520 428 666 458 omnibus
688 436 751 458 una
772 436 883 458 omues
904 429 1059 464 surripuit
1081 427 1277 463 Veneres.'',

224 525 296 548 non
334 525 355 549 a
389 514 465 549 viro
493 514 620 560 viginti
650 517 686 549 et
715 514 876 561 quinque
906 524 1087 549 annorum
1116 513 1162 549 ad
1191 513 1383 548 mulierem
1413 513 1477 547 tri-

229 589 329 633 ginta
368 589 474 622 annis
511 577 686 634 majorem
724 588 943 623 scribuntur.
983 589 1176 623 Praeterea
1214 589 1283 623 hoc
1311 599 1476 634 quoque,

227 661 323 709 quod
353 661 514 698 Catullus

644 745 726 773 “non
750 746 785 773 ut
806 744 923 780 vulgus
945 745 1097 781 amicam,

439 805 522 835 “Sed
542 808 633 843 pater
657 807 693 835 ut
709 808 822 843 gnatos
843 806 951 841 diligit
974 807 1008 835 et
1025 805 1199 843 qeneros.'’‚

225 901 264 924 se
289 890 456 925 Lesbiam
480 891 657 926 amavisse
688 891 895 938 profitetur,
920 891 1081 926 indicare
1106 891 1249 926 videtur
1276 902 1356 926 eam
1387 895 1474 926 natu

223 965 425 1009 minorem,
452 976 524 1000 non
553 965 729 1011 majorem
758 965 899 1001 Catullo
928 966 1047 1002 fuisse.

277 1038 348 1075 Sed
373 1041 463 1075 haec
489 1040 612 1075 omnia
640 1040 791 1075 minoris
819 1043 905 1092 sunt
934 1041 1130 1085 momenti,
1155 1052 1274 1087 neque
1298 1052 1339 1076 ea
1364 1041 1473 1075 nimis

225 1125 356 1161 urgeo,
386 1126 479 1161 quae
506 1115 544 1149 in
573 1115 735 1150 carmine
763 1114 835 1159 68,
863 1126 913 1150 vs.
947 1113 1024 1151 142
1054 1115 1243 1161 leguntur:

480 1224 657 1260 “ingratum
682 1225 809 1253 tremuli
834 1225 910 1253 tolle
933 1225 1077 1260 parentis
1099 1224 1217 1261 onuff',

225 1332 318 1368 quae
354 1322 400 1356 ad
437 1321 601 1358 Clodiam
630 1326 727 1358 certe
755 1334 827 1358 non
857 1323 1039 1369 pertinere
1071 1326 1237 1369 possent,
1268 1322 1364 1369 qued
1392 1322 1470 1368 ejus

220 1400 324 1443 pater
346 1397 424 1443 jam
452 1407 548 1432 anno
579 1396 629 1431 76
657 1400 821 1432 mortuus
848 1400 913 1432 est.
943 1397 1015 1432 Sed
1043 1397 1080 1432 in
1110 1400 1186 1432 toto
1215 1398 1283 1432 hoc
1311 1398 1471 1432 carmine

223 1472 375 1508 Lesbiae
412 1483 546 1508 nomen
574 1484 647 1507 non
676 1472 827 1519 legitur,
857 1473 908 1508 ita
936 1476 976 1508 ut
1004 1473 1051 1508 ad
1078 1484 1159 1508 eam
1187 1473 1369 1519 pertinere
1398 1483 1470 1507 non

224 1550 322 1581 certo
361 1539 519 1591 constet,
558 1550 594 1582 et
630 1550 816 1593 praeterea
854 1548 953 1582 locus
990 1551 1067 1582 tam
1106 1550 1297 1594 corruptus
1326 1550 1400 1591 est,
1431 1550 1472 1581 ut

221 1621 310 1668 quid
338 1621 399 1656 illa
427 1620 538 1657 verba
565 1621 634 1656 sibi
662 1620 793 1665 velint,
822 1632 895 1656 non
925 1622 1013 1657 satis
1042 1624 1222 1668 appareat.

274 1696 323 1731 At
351 1696 422 1732 duo
450 1699 557 1741 sunt,
585 1707 678 1743 quae
706 1708 783 1732 rem
812 1708 871 1732 me
895 1696 1018 1743 judice
1047 1697 1262 1733 conficiunt:

220 1770 273 1806 1⁰.
304 1771 428 1806 Clodia
457 1773 579 1817 nupta,
597 1771 666 1806 fuit
694 1772 770 1806 viro
799 1772 1034 1818 integerrimo
1052 1775 1088 1806 et
1107 1771 1323 1818 gravissimo
1339 1770 1380 1812 Q.
1394 1771 1468 1805 Me-

219 1846 304 1881 tello
333 1845 469 1890 Celeri,
497 1857 606 1892 quem
636 1846 675 1881 P.
701 1846 816 1882 Clodii
842 1847 1019 1894 consiliis,
1046 1847 1108 1893 qui
1133 1846 1180 1881 ad
1202 1845 1345 1893 plebem
1367 1849 1471 1881 tran-

218 1921 289 1956 sire
326 1921 450 1964 vellet,
486 1924 633 1955 strenue
672 1921 903 1956 adversatum
942 1932 1020 1956 esse
1050 1924 1200 1956 constat.
1240 1920 1288 1955 At
1316 1920 1467 1954 Lesbiae

217 1996 370 2030 maritus
407 2006 480 2030 non
518 1995 600 2030 talis
638 1995 725 2039 fuit,
763 1995 880 2041 qualis
920 1995 1093 2031 Metellus.
1125 1995 1337 2041 Numquam
1365 1995 1465 2029 enim

217 2069 378 2105 Catullus
407 2068 591 2104 Metellum
620 2067 758 2105 mulum
786 2069 906 2105 dicere
934 2081 1043 2105 ausus
1073 2073 1188 2114 esset,
1216 2080 1287 2116 quo
1316 2069 1466 2103 nomine

217 2145 378 2180 carmine
407 2143 457 2178 83
486 2143 637 2179 Lesbiae
666 2144 839 2179 maritum
867 2144 1061 2180 indicavit:

394 2239 532 2268 “Lesbia
552 2239 594 2268 mi
616 2241 787 2275 praesente
809 2240 878 2268 viro
902 2241 984 2268 mala
1006 2239 1143 2275 plurima
1164 2239 1260 2275 dicit,

432 2299 521 2329 “Hoc
542 2299 589 2329 illi
604 2300 704 2338 fatuo
726 2300 865 2330 maxima
886 2300 1052 2329 laetitiast.

393 2362 517 2398 “Mum
539 2362 618 2390 nihil
641 2363 752 2391 sentis.
776 2363 809 2391 si
832 2362 933 2391 nostri
956 2362 1057 2391 oblita
1079 2363 1218 2397 taceret,

432 2423 536 2453 “Sana
557 2425 661 2452 esset:
684 2431 769 2452 nunc
791 2424 876 2460 quod
898 2424 1009 2460 gannit
1031 2425 1064 2452 et
1084 2422 1268 2458 obloquitur

393 2487 482 2515 “Non
505 2486 607 2514 solum
629 2485 790 2522 meminit,
812 2486 867 2515 sed
891 2494 972 2522 quae
995 2485 1094 2514 multo
1116 2484 1220 2514 acrior
1241 2485 1291 2513 est
1311 2492 1363 2514 res

436 2549 544 2577 “Irata
566 2549 632 2577 est:
655 2548 716 2576 hoc
739 2549 789 2577 est
812 2549 916 2577 uritur
937 2550 970 2577 et
991 2546 1171 2585 coquitur'‘.
