1892 3007
1007 208 1059 243 64

403 341 524 374 torum
563 338 790 388 conjecturas
832 338 1006 383 deducet,
1043 341 1084 373 ut
1125 338 1178 373 sic
1217 341 1431 385 postquam,
1468 339 1510 372 ut
1547 335 1657 383 jussit

403 414 490 450 olim
529 415 784 461 Hermannus,
821 415 1057 463 praecesserit
1089 414 1283 451 emendata
1306 414 1432 458 lectio,
1457 413 1504 449 ad
1528 423 1658 460 poema

404 491 719 537 interpretandum
744 494 780 525 et
813 471 1087 537 dijudicandum
1110 494 1306 526 transeam.
1332 489 1379 524 Et
1401 500 1483 524 mea
1511 488 1658 536 quidem

404 566 575 613 opinione
594 578 702 602 nemo
723 567 838 613 magis
854 567 950 602 clare
978 578 1021 602 ac
1048 567 1236 614 perspicue
1265 566 1310 601 de
1338 568 1455 601 metro
1485 564 1658 601 carminis

406 640 602 677 Catulliani
639 642 759 677 LXIII
797 642 987 688 disseruit,
1018 654 1129 690 quam
1159 642 1333 678 Muretus.
1377 641 1446 684 Qui
1475 640 1660 676 adnotavit

406 716 651 761 Galliambum
682 718 732 754 ita
761 718 899 754 dictum
926 730 1006 755 esse
1030 730 1051 754 a
1076 718 1189 754 Gallis
1215 718 1366 766 Cybeles
1390 716 1659 761 sacerdotibus,

407 795 470 841 qui
494 795 532 829 in
556 793 664 846 hujus
689 794 787 830 Deae
809 795 922 831 sacris
944 807 986 831 eo
1014 795 1213 842 plurimum
1240 797 1441 830 uterentur.
1472 797 1661 845 Μητρῳακὸν

408 881 552 917 quoque
580 873 617 905 et
645 875 861 920 ἀνακλώμενον
890 872 959 906 hoc
989 874 1149 906 metrum
1179 871 1398 918 appellatum
1430 874 1503 914 est,
1534 869 1663 905 silicet

409 946 556 981 credere
590 945 853 993 Hephaestioni
881 948 917 990 ¹,
947 946 1051 993 cujus
1079 947 1189 982 verba
1219 947 1340 982 attulit
1364 946 1600 981 Hermannus
1627 945 1665 979 in

411 1021 611 1057 Elementis
649 1022 845 1058 Doctrinae
884 1022 1057 1058 Metricae
1083 1025 1107 1058 ².
1139 1023 1241 1058 Idem
1271 1021 1664 1059 TerentianusMaurus

410 1097 514 1133 docet
525 1126 533 1143 ,
563 1097 687 1133 dicens
698 1110 705 1133 :

548 1208 756 1244 “Nomenque
779 1208 967 1237 Galliambis
989 1210 1182 1237 memoratur
1203 1208 1277 1236 hinc
1299 1208 1408 1237 datum
1534 1242 1537 1243 ⁷

550 1270 753 1308 '‘Ti-emulos,
776 1270 862 1307 quod
885 1278 956 1300 csse
978 1271 1081 1301 Gallis
1103 1270 1227 1300 habiles
1250 1271 1365 1307 putant
1386 1269 1517 1300 modos''
1529 1272 1550 1298 ³.

440 1371 544 1412 Quod
559 1371 656 1406 idem
674 1371 877 1406 Martialem
893 1372 1072 1418 respicere
1087 1372 1257 1419 opinatur
1271 1370 1434 1407 Muretus
1444 1399 1452 1414 ‚
1473 1370 1535 1406 ubi
1550 1370 1665 1405 dicat:

694 1468 780 1499 “Nec
803 1468 904 1496 dictat
926 1468 1004 1496 mihi
1026 1468 1211 1497 luculentus
1233 1468 1320 1496 Attis

693 1530 840 1558 “Mollem
863 1530 1030 1559 debilitate
1052 1530 1308 1559 Galliamb0n⁷'⁴.

477 1631 559 1665 “Fit
583 1634 707 1665 autem
738 1631 1006 1675 Galliamhus”‚
1036 1632 1086 1666 ita
1121 1631 1284 1666 Muretus
1311 1631 1448 1677 pergit,
1482 1629 1550 1664 “ex
1578 1641 1668 1664 ana-

410 1708 586 1755 “paesto,
613 1704 746 1742 iambis
769 1705 907 1743 duobus
923 1710 959 1743 et
972 1705 1140 1757 syllaba,
1168 1706 1300 1754 quibus
1327 1706 1511 1743 adduntur
1524 1717 1669 1741 rursum

422 1782 674 1830 “anapaestus
702 1786 738 1818 et
766 1782 880 1818 iambi
908 1781 1009 1819 du0.’'
1040 1784 1256 1831 Exemplum
1285 1784 1409 1819 affert:

1463 1888 1467 1899 ι

420 1943 508 1977 Vice
536 1954 579 1978 ve
624 1941 629 1993 Ι
655 1944 704 1978 ris
721 1948 754 1978 et
782 1942 786 1993 Ι
834 1944 931 1979 Favo
974 1942 978 1994 Ι
1004 1945 1062 1987 ni,
1088 1943 1093 1994 Ι
1132 1944 1264 1990 glacies
1303 1942 1308 1994 Ι
1342 1945 1433 1980 resol
1466 1943 1471 1996 Ι
1496 1947 1593 1981 vitur
1623 1944 1629 1994 Ι

1546 1885 1602 1912 X.
1624 1888 1629 1941 Ι

476 2054 652 2090 Contrahi
666 2059 788 2090 autem
805 2060 958 2101 possunt
972 2056 1065 2091 duae
1080 2056 1208 2092 breves
1223 2057 1382 2104 syllabae
1398 2057 1560 2104 ejusdem
1571 2060 1672 2106 pedis

419 2130 456 2165 in
487 2142 600 2166 unam
625 2130 788 2178 longam3
814 2131 903 2166 solvi
931 2134 1050 2179 potest
1073 2143 1315 2180 unaquaeque
1343 2133 1452 2180 longa
1481 2135 1618 2182 syllaba
1634 2136 1670 2170 in

423 2207 513 2241 duas
552 2206 690 2241 breves.
730 2205 791 2241 Sic
828 2208 927 2243 enim
967 2219 1142 2243 numerus
1172 2213 1397 2255 temporum,
1427 2221 1535 2256 quem
1565 2210 1675 2246 habet

459 2357 467 2375 ¹
492 2354 530 2382 P.
553 2355 612 2388 39,
641 2355 725 2389 (67).

457 2417 469 2436 2
492 2416 529 2444 P.
553 2415 612 2445 504
630 2438 638 2454 ,
665 2416 753 2452 (Lib.
777 2417 830 2454 ΙΙ,
853 2424 879 2446 c.
903 2418 972 2452 30).

458 2481 470 2499 ³
491 2479 529 2507 P.
554 2479 632 2513 378,
657 2478 789 2508 Santen.
832 2506 834 2508 ,

462 2543 473 2561 ⁴
498 2541 592 2569 Mart.
616 2541 677 2577 Ep.
702 2541 756 2569 lib.
780 2542 825 2570 11.
851 2550 900 2578 ep.
923 2543 971 2572 86.
