1892 3007
964 240 1077 284 28'

369 375 456 422 “qui
482 377 513 412 si
537 377 675 412 diutius
704 377 901 421 vixissent,
930 387 1103 422 magnam
1134 379 1257 411 essent
1284 376 1515 423 eloquentiae
1544 377 1622 412 lau-

370 451 477 487 “dem
494 453 715 488 consecuti.”
732 452 888 496 Eodem,
911 463 1021 498 quem
1042 451 1253 496 citavimus,
1274 451 1352 487 loco
1376 451 1622 494 Quintilianus

365 525 411 561 de
451 525 561 561 Calvo
596 526 664 562 ait:
698 526 886 562 “imitator
913 529 969 562 est
997 526 1226 561 Atticorum’'
1254 537 1375 573 neque
1402 527 1472 562 hoc
1499 527 1538 562 in
1562 525 1623 573 ju-

367 601 462 636 dicio
492 601 679 637 Ciceronis
706 602 942 647 ponderando
956 602 1265 648 praetereundum
1286 605 1352 637 est.
1377 603 1500 648 Lippis
1523 604 1623 637 enim

369 678 406 710 et
442 675 651 711 tonsoribus
688 678 817 711 notum
856 679 931 721 est,
961 675 1145 711 Ciceronis
1173 676 1403 723 eloquentiae
1435 676 1481 711 ab
1509 676 1624 712 altera

367 753 471 797 parte
510 750 699 786 Hortensii
728 751 936 786 facundiam
966 752 1168 797 oppositam
1196 751 1327 795 fuisse,
1357 750 1459 797 cujus
1487 753 1623 796 oratio,

369 838 463 874 quae
496 826 659 863 Asiatica
689 826 898 872 dicebatur,
923 826 1032 862 nimis
1056 828 1135 862 erat
1159 826 1625 875 grandiloqua,'nimisque

367 906 515 946 ornata,
540 903 586 937 ab
610 903 724 937 altera
748 905 889 943 autem,
905 905 1015 937 tenue
1029 902 1118 936 illud
1133 905 1168 937 et
1184 902 1315 937 subtile
1330 903 1474 937 dicendi
1489 914 1624 948 genus,

373 976 579 1013 Atticorum
618 976 864 1012 imitatoribus
902 977 1096 1022 usitatum,
1125 977 1187 1024 qui
1217 976 1363 1024 Lysiam
1395 978 1627 1025 potissimum

370 1052 628 1098 sequebantur.
658 1052 821 1093 Quorum
851 1054 918 1087 hos
946 1053 985 1086 in
1015 1051 1167 1086 Oratore
1195 1052 1242 1086 ad
1270 1052 1444 1097 Brutum,
1459 1054 1522 1099 qui
1549 1054 1626 1099 ipse

371 1126 643 1174 quodammodo
672 1137 798 1162 eorum
827 1138 980 1162 numero
1009 1129 1088 1162 erat
1115 1126 1337 1174 adscriptus,
1360 1127 1475 1175 carpit
1497 1130 1534 1163 et
1556 1127 1625 1164 levi

371 1203 489 1237 ironia
532 1203 628 1237 ridet
655 1206 679 1237 ¹.
726 1201 798 1237 Sed
840 1205 923 1237 utut
960 1205 1033 1241 est,
1072 1214 1115 1237 eo
1159 1201 1375 1243 Quintiliani
1417 1203 1627 1239 testimonio

374 1280 497 1324 patet,
538 1276 690 1313 Calvum
729 1276 887 1313 Graecos
924 1277 1055 1324 legisse
1092 1277 1305 1324 scriptores,
1343 1280 1379 1313 et
1406 1289 1479 1313 non
1508 1279 1627 1314 solum

376 1356 540 1387 oratores
578 1353 661 1396 sed,
699 1353 729 1387 si
759 1353 930 1399 respicias
967 1353 1175 1387 communia
1213 1364 1296 1388 cum
1327 1354 1444 1388 amico
1486 1353 1627 1389 Catullo

372 1428 515 1472 studia,
554 1428 643 1474 legit
679 1430 805 1474 poetas
842 1439 1007 1474 quoque,
1035 1430 1211 1474 utrosque
1237 1428 1401 1463 imitatus
1428 1431 1502 1472 est,
1529 1429 1627 1464 unde

369 1502 541 1549 aequales
571 1513 676 1546 eum,
706 1505 794 1537 tunc
831 1502 1003 1548 temporis
1041 1502 1408 1538 honorificentissimo
1440 1503 1536 1538 docti
1569 1515 1628 1539 co-

373 1578 547 1623 gnomine
575 1579 859 1613 honoraverunt.
889 1576 980 1621 Sed,
1016 1580 1059 1612 ut
1097 1578 1197 1613 hunc
1224 1578 1344 1613 locum
1372 1578 1622 1623 absolvamus,

372 1652 513 1699 reliqua
558 1652 796 1699 antiquorum
845 1652 890 1687 de
938 1652 1039 1687 Calvi
1076 1653 1236 1688 oratoria
1278 1653 1448 1689 facultate
1490 1652 1628 1699 judicia

372 1728 449 1763 fere
472 1728 519 1762 ad
543 1728 642 1763 idem
666 1727 832 1763 redeunt.
857 1727 1013 1763 “Calvus
1034 1728 1197 1763 rixatur”
1223 1728 1359 1764 Fronto
1376 1729 1438 1764 ait.
1455 1730 1468 1750 ²
1497 1729 1629 1765 “Com-

377 1803 532 1849 “positio
561 1814 708 1850 quoque
735 1802 813 1849 ejus
838 1803 876 1837 in
901 1802 1106 1838 actionibus
1130 1803 1177 1838 ad
1192 1804 1399 1851 exemplum
1415 1803 1631 1841 Demosthe-

377 1877 459 1914 “nis
496 1879 610 1925 riget,
648 1879 741 1913 nihil
770 1879 808 1913 in
838 1878 899 1913 illa
927 1878 1131 1925 placidum,
1160 1879 1252 1914 nihil
1279 1879 1360 1914 lene
1395 1882 1469 1923 est,
1507 1880 1630 1915 omnia

378 1954 439 1989 “et
463 1955 644 1990 concitata
669 1957 705 1990 et
729 1954 964 1990 fluctuantia'’
982 1957 1016 1999 ⁸,
1032 1954 1083 1989 ait
1099 1953 1237 1990 Seneca
1261 1954 1419 1999 Rhetor,
1444 1955 1506 2001 qui
1530 1954 1631 1990 addit

372 2032 449 2064 tam
503 2030 759 2064 vehementem
810 2030 921 2064 fuisse
972 2029 1124 2064 Calvum
1174 2033 1441 2073 accusatorem,
1491 2032 1534 2064 ut
1583 2029 1621 2063 in

374 2103 579 2139 actionibus
620 2104 812 2139 excederet
847 2103 1017 2139 subsellia
1055 2107 1092 2139 et
1128 2104 1267 2151 impetu
1299 2103 1415 2139 elatus
1447 2115 1564 2151 usque
1592 2103 1631 2139 in

375 2179 672 2215 adversariorum
701 2182 824 2226 partes
852 2181 1119 2215 transcurreret
1148 2181 1202 2223 et,
1226 2190 1340 2225 quum
1366 2178 1405 2214 C.
1431 2177 1608 2214 Catonem
1621 2206 1630 2223 ,

421 2450 427 2468 ¹
453 2447 538 2475 Vide
560 2447 763 2482 potissimum
786 2454 877 2482 capp.
900 2447 929 2475 8.
952 2446 979 2474 9.

419 2510 430 2530 ²
454 2508 503 2538 Cf.
525 2517 555 2544 p.
580 2509 632 2537 171
661 2508 710 2537 ed.
733 2508 820 2543 Maji.

422 2573 435 2592 ³
456 2571 476 2599 l.
500 2572 527 2599 1.
