1892 3007
980 249 1060 288 ’100

580 377 687 407 “haud
711 377 825 407 similis
847 377 921 415 tibi,
945 377 1106 416 Cynthia,
1126 385 1187 407 nec
1209 378 1285 415 tibi,
1306 379 1400 414 cujus

630 440 791 470 “turbavit
813 440 935 470 nitidos
956 440 1137 471 exstinctus
1158 448 1271 477 passer
1292 441 1432 470 ocellos*
1459 445 1477 470 ¹.

430 539 485 575 Ex
515 540 572 576 his
606 540 776 577 omnibus
806 541 894 577 locis
922 541 1014 577 nihil
1042 541 1127 577 novi
1155 541 1201 577 de
1227 540 1358 577 Lesbia
1386 544 1574 586 constare,
1602 542 1639 576 in

381 615 503 662 aprico
533 620 609 660 est;
639 616 738 652 nullo
767 617 866 652 enim
895 617 1046 652 nomine
1074 628 1189 662 novo,
1215 617 1313 652 nullo
1336 617 1524 664 perspicuo
1547 617 1641 652 indi-

380 691 456 735 cio,
496 703 569 738 quo
609 691 741 727 Catulli
778 692 919 739 puellae
957 704 1064 728 suum
1102 692 1328 729 vindicemus
1366 704 1519 737 nomen,
1557 703 1637 728 eam

379 766 597 812 significant.
624 767 752 815 Neque
777 768 975 804 verisimile
999 772 1054 804 est
1079 767 1272 804 Sidonium
1298 768 1544 816 Apollinarem
1568 768 1638 804 alia

374 843 610 889 antiquorum
639 844 858 891 scriptorum
880 844 1090 879 testimonia
1119 844 1310 889 habuisse,
1335 855 1491 891 quorum
1515 847 1638 879 aucto-

375 918 485 953 ritate
511 919 625 954 fretus
650 918 819 955 Lesbiam
844 919 988 955 doctam
1013 919 1124 955 fuisse
1147 919 1306 967 puellam
1330 922 1367 955 et
1390 931 1473 955 cum
1497 919 1637 954 Catullo

374 1005 440 1029 suo
478 1006 603 1030 versus
631 996 750 1031 facere
786 995 930 1031 solitam
960 995 1130 1040 tradidit,
1166 996 1217 1030 ita
1244 995 1408 1031 scribens
1424 997 1454 1030 ²:
1486 994 1636 1040 “Certe‚

378 1071 432 1105 “si
459 1073 605 1117 praeter
619 1081 699 1105 rem
724 1071 920 1105 oratoriam
935 1098 944 1114 ,
965 1070 1204 1106 contubernio
1220 1071 1440 1106 feminarum
1455 1071 1635 1117 poeticum

384 1146 598 1192 “ingenium
627 1149 664 1182 et
692 1147 765 1182 oris
786 1147 840 1182 tui
864 1146 991 1182 limam
1018 1147 1264 1201 frequentium
1281 1146 1484 1182 studiorum
1499 1145 1638 1181 cotibus

378 1222 600 1270 “expolitam
629 1223 794 1269 quereris
823 1223 997 1266 obtundi,
1027 1223 1283 1267 reminiscere,
1314 1222 1410 1269 quod
1434 1232 1542 1268 saepe
1556 1232 1635 1257 ver-

385 1298 488 1334 “sum
530 1298 690 1334 Corinna
730 1310 812 1335 cum
852 1310 918 1334 suo
956 1298 1103 1334 Nasone
1139 1298 1350 1346 complevit,
1388 1296 1522 1333 Lesbia
1551 1309 1633 1333 cum

375 1372 575 1419 “Catullo,
617 1373 797 1410 Cesennia
832 1386 915 1410 cum
953 1374 1158 1420 Gaetulico,
1197 1375 1415 1421 Argentaria
1450 1386 1533 1410 cum
1564 1373 1634 1408 Lu-

372 1449 507 1494 “cano,
538 1449 695 1497 Cynthia
724 1461 808 1485 cum
837 1449 1046 1497 Propertio,
1075 1450 1179 1485 Delia
1204 1461 1286 1486 oum
1313 1450 1488 1486 Tibullo.’‘
1505 1449 1632 1496 Neque

368 1525 466 1559 enim
492 1536 536 1559 ex
561 1526 631 1560 hoc
655 1525 733 1560 loco
758 1525 898 1572 aliquid
921 1526 1005 1561 novi
1031 1525 1076 1560 de
1101 1521 1251 1561 Lesbiae
1277 1537 1432 1572 persona
1447 1525 1630 1560 docemur.

426 1599 578 1635 Constat
604 1601 716 1647 igitur
740 1612 785 1636 ex
809 1601 887 1648 ipso
912 1600 1053 1636 Catullo
1078 1584 1378 1648 reliquorumque
1397 1600 1630 1647 antiquorum

366 1676 586 1723 scriptorum
614 1677 837 1713 testimoniis
860 1680 1006 1724 poetam
1031 1688 1174 1713 amasse
1194 1677 1388 1722 feminam,
1414 1687 1524 1724 quam
1538 1676 1630 1712 dixit

368 1751 562 1800 Lesbiam,
596 1764 716 1800 neque
744 1754 814 1789 hoc
840 1754 989 1789 nomine
1014 1753 1140 1789 fictum
1165 1753 1324 1800 aliquem
1349 1753 1500 1788 indicari
1529 1763 1629 1788 amo-

366 1838 443 1862 rem
484 1828 548 1863 sed
586 1828 655 1864 sub
684 1828 773 1864 falso
803 1828 955 1864 Lesbiae
984 1830 1134 1864 nomine
1162 1840 1286 1864 veram
1316 1828 1480 1864 mulieris
1506 1840 1629 1876 perso-

367 1914 452 1938 nam
481 1903 606 1939 latere.
638 1903 807 1948 Accedit,
841 1904 938 1951 quod
969 1903 1144 1950 Apulejus
1172 1904 1296 1939 docuit
1319 1905 1415 1939 hanc
1436 1904 1625 1939 mulierem

366 1978 532 2014 Clodiam
572 1991 650 2015 esse
691 1979 837 2015 dictam.
884 1979 938 2014 Ex
979 1979 1056 2026 ipsa
1093 1979 1313 2026 antiquitate
1350 1979 1447 2015 nulla
1482 1979 1553 2015 alia
1582 1980 1626 2015 de

365 2054 497 2090 Catulli
527 2054 713 2090 amoribus
741 2054 788 2089 ad
816 2066 882 2090 nos
910 2055 1076 2101 pervenit
1103 2055 1292 2090 memoria.

419 2130 559 2173 Quibus
588 2130 837 2167 fundamentis
867 2131 944 2166 nixi
973 2131 1078 2166 multi
1108 2134 1233 2178 postea
1272 2134 1335 2168 aut
1367 2132 1623 2178 pronuntiave-

399 2335 406 2353 ¹
430 2332 450 2361 J
456 2339 539 2360 uven
563 2331 630 2360 Sat.
643 2331 709 2369 VI,
734 2332 750 2360 7
776 2339 822 2368 sq.
844 2331 947 2367 Quem
970 2330 1073 2359 locum
1097 2330 1137 2358 ad
1157 2330 1309 2359 Lesbiam
1331 2330 1494 2366 pertinere
1516 2338 1573 2366 per
1593 2337 1628 2358 se

356 2396 463 2432 patet,
478 2394 504 2423 si
517 2394 596 2423 fides
607 2393 756 2423 habenda
768 2393 811 2422 sit
830 2393 943 2430 titulo,
967 2392 1021 2430 qui
1046 2393 1076 2421 in
1100 2392 1211 2422 multis
1233 2392 1402 2422 codicibus
1424 2393 1555 2421 carmini
1570 2392 1628 2421 Ca—

353 2458 490 2487 tulliano
513 2458 549 2486 II
572 2456 839 2493 superscribitur:
864 2456 878 2471 ‘⁴
902 2457 945 2484 ad
963 2465 1119 2493 passerem
1142 2454 1304 2484 Leobiae.'’

394 2522 405 2541 ²
428 2520 539 2549 Sidon.
569 2519 675 2555 Apoll.
699 2519 760 2555 Ep.
783 2518 838 2557 ΙΙ,
863 2519 900 2547 10
922 2517 961 2547 ad
983 2517 1187 2555 Hesperium,
1222 2518 1281 2547 sub
1304 2518 1408 2547 flnem.
1436 2520 1481 2553 (p.
1504 2518 1554 2547 54.
1576 2519 1625 2547 ed.

357 2583 518 2612 Sirmond.
541 2582 615 2611 Par.
639 2582 732 2617 1652)
741 2602 749 2611 .
