1892 3007
601 961 830 1004 CAPUT
870 962 1237 1008 QUARTUM.

291 1325 341 1350 DE
365 1324 543 1350 CATULLO
568 1325 788 1351 1M1TATORE
819 1325 1197 1351 ALEXANDRINORUM
1238 1327 1373 1356 DEQUE
1408 1326 1547 1352 DIVER—

588 1393 647 1419 SIS
678 1394 849 1419 POESEOS
879 1394 975 1420 EIUS
1006 1394 1248 1420 GENERIBUS.

346 1567 389 1603 In
423 1568 554 1603 Catulli
587 1569 733 1614 ingenio
764 1568 996 1615 dijudicando
1026 1580 1146 1615 neque
1176 1579 1270 1615 quae
1298 1569 1543 1615 antiquiores,

292 1655 411 1690 neque
435 1655 528 1690 quae
550 1645 771 1680 recentiores
796 1645 841 1680 de
863 1656 906 1680 ea
929 1656 969 1679 re
984 1647 1207 1679 monuerunt
1220 1644 1546 1691 praetermittenda

292 1721 387 1754 sunt.
417 1718 724 1765 Distinguendum
754 1722 809 1754 est
837 1719 948 1754 etiam
975 1719 1072 1753 inter
1101 1719 1200 1754 varia
1219 1730 1368 1765 poeseos
1389 1719 1543 1765 genera,

292 1794 423 1841 quibus
461 1806 608 1841 operam
646 1795 756 1831 dedit.
796 1795 875 1830 Duo
900 1797 1024 1830 tamen
1052 1794 1318 1841 praemittenda
1355 1794 1542 1830 videntur:

291 1870 468 1917 primum,
494 1870 676 1906 Catullum
701 1856 904 1917 numquam
930 1869 1178 1906 Maecenatem
1203 1870 1372 1905 habuisse
1386 1870 1450 1905 sed
1464 1871 1543 1905 sine

292 1949 464 1992 patrono,
488 1946 511 1981 i.
537 1958 567 1981 e.
592 1946 723 1990 libere,
747 1946 881 1981 nullius
909 1945 1125 1981 auctoritate
1159 1946 1373 1992 impeditum
1399 1947 1435 1981 in
1465 1958 1543 1981 car-

293 2021 453 2057 minibus
486 2021 667 2057 elocutum
705 2032 803 2065 esse,
842 2021 930 2068 quid
957 2021 1127 2064 sentiret;
1157 2021 1307 2056 deinde:
1337 2033 1540 2068 numquam

293 2109 377 2132 eum
405 2097 624 2143 reipublicae
645 2100 787 2143 partem
815 2097 933 2143 ipsum
962 2096 1143 2142 tetigisse,
1168 2099 1206 2131 at
1229 2108 1372 2143 semper
1400 2097 1438 2132 in
1467 2097 1540 2132 otio

291 2173 445 2219 vixisse,
462 2173 597 2218 amori,
619 2172 801 2208 amicitiae
812 2200 821 2217 ,
836 2171 965 2207 studiis
980 2171 1154 2207 deditum.
1172 2171 1291 2213 Quum
1308 2172 1407 2207 enim
1423 2184 1541 2219 neque

293 2261 314 2285 a
336 2249 559 2296 principibus
578 2249 752 2293 civitatis,
776 2260 896 2294 neque
920 2260 941 2283 a
964 2248 1095 2295 populo
1120 2248 1320 2295 quidquam
1345 2249 1541 2295 impetrare

292 2325 420 2370 vellet,
444 2327 657 2360 neutrorum
681 2323 972 2358 benevolentiam
997 2325 1177 2369 captaret,
1194 2323 1284 2358 nihil
1300 2323 1539 2370 impediebat,

292 2401 488 2447 quominus
523 2400 731 2446 opinionem
768 2410 872 2434 suam
918 2399 963 2433 de
1000 2398 1169 2433 omnibus
1206 2399 1314 2433 rebus
1355 2399 1469 2434 libere
1505 2403 1542 2434 et

293 2476 413 2523 palam
441 2475 683 2523 profiteretur.

347 2551 474 2598 Neque
489 2551 587 2586 nulla
602 2552 694 2586 ratio
708 2550 876 2586 habenda
891 2553 946 2585 est
964 2550 1137 2596 temporis
1147 2577 1156 2594 ,
1172 2561 1244 2595 quo
1260 2550 1351 2585 vixit
1366 2549 1539 2586 Catullus.
