1892 3007
818 218 895 253 123

235 343 342 385 Quod
359 346 484 388 tamen
501 355 647 390 prorsus
677 356 741 391 pro
770 356 834 380 suo
862 344 947 379 fecit
973 343 1133 379 arbitrio.
1159 343 1308 378 Praeter
1331 354 1477 378 carmen

199 409 204 413 ’
235 418 334 454 enim
371 418 418 454 11
458 419 596 454 nullum
626 430 671 454 ex
695 419 739 454 iis
763 418 1004 465 carminibus,
1035 429 1129 465 quae
1151 418 1197 452 ad
1220 417 1388 453 Lesbiam
1416 421 1480 453 aut

234 493 279 527 de
318 493 447 529 Lesbia
487 495 619 541 scripta
655 498 740 529 sunt
776 494 949 528 indicium
978 493 1172 540 temporis,
1206 504 1278 539 quo
1305 493 1477 539 scriptum

229 569 304 617 psit,
343 569 522 613 continet,
561 580 678 615 neque
704 569 777 604 ullo
806 568 914 604 modo
950 572 1047 603 certe
1076 570 1112 603 et
1139 570 1306 603 accurate
1333 568 1476 603 definiri

232 645 372 689 potest,
403 643 576 690 quamdiu
605 643 768 678 Catullus
797 642 963 678 Lesbiam
988 643 1175 678 amaverit.
1205 641 1355 686 Omnia,
1385 653 1478 688 quae

232 718 302 753 hac
329 718 375 753 de
403 729 442 753 re
470 730 492 756 a
520 718 643 753 multis
672 721 879 765 computata
907 720 944 753 et
966 717 1099 753 tradita
1124 719 1227 761 sunt,
1257 717 1355 752 nullo
1371 717 1476 752 firmo

235 796 271 828 et
299 793 418 828 stabili
447 794 682 829 fundamento
711 793 887 829 nituntur.

290 869 403 905 Vanis
418 869 634 915 conjecturis
644 870 749 905 multi
773 873 809 905 et
825 868 1038 905 Schwabius
1060 871 1096 903 et
1112 867 1300 914 Helbigius
1315 871 1351 903 et
1365 868 1477 914 Jung-

230 943 419 979 clausenus
458 943 588 978 Catulli
625 944 760 979 amoris
789 947 932 990 tempus
953 946 1120 978 accurate
1154 943 1306 977 definire
1329 943 1476 978 studue-

228 1021 332 1063 runt,
361 1019 425 1054 sed
453 1019 522 1054 hoe
548 1030 621 1054 non
660 1020 779 1055 facere
806 1021 1021 1065 potuerunt,
1059 1019 1129 1054 nisi
1159 1030 1331 1066 persaepe
1358 1018 1396 1054 id
1424 1020 1477 1054 fa-

230 1096 372 1147 cerent,
413 1093 509 1140 quod
546 1105 610 1141 per
644 1097 759 1129 totam
798 1094 1080 1140 disputationem
1117 1105 1157 1129 se
1198 1094 1316 1128 facere
1353 1094 1474 1140 palam

230 1168 445 1205 Schwabius
472 1171 652 1216 professus
681 1172 756 1214 est,
784 1171 853 1205 hoc
881 1173 953 1214 est,
992 1170 1062 1205 nisi
1090 1169 1318 1216 probandum
1346 1170 1476 1217 proba-

227 1246 305 1279 tum
345 1255 422 1279 esse
450 1247 637 1291 ponerent.
668 1244 774 1291 Apud
803 1256 929 1280 omnes
957 1244 1027 1280 iter
1051 1230 1181 1280 Catulli
1203 1245 1241 1279 in
1265 1245 1475 1291 Bithyniam

228 1322 368 1354 eertum
398 1320 570 1366 temporis
597 1323 773 1366 punctum
801 1323 875 1364 est,
903 1331 924 1355 e
952 1331 1023 1366 quo
1052 1320 1192 1366 reliqua
1221 1321 1343 1355 omnia
1373 1332 1470 1356 com-

225 1397 409 1441 putantur.
441 1394 623 1437 Quamdiu
652 1394 813 1431 Catullus
841 1394 1006 1430 Clodiam
1034 1395 1231 1439 amaverit,
1268 1395 1337 1430 sibi
1366 1396 1472 1431 intel-

225 1470 338 1515 ligere
366 1481 470 1516 posse
498 1471 668 1505 videntur
695 1482 716 1505 e
744 1482 896 1505 numero
923 1471 1175 1517 periodorum,
1214 1471 1251 1505 in
1282 1482 1373 1516 quas
1401 1471 1475 1505 his-

225 1546 356 1581 toriam
387 1545 579 1581 Catulliani
604 1546 739 1581 amoris
763 1546 946 1582 dividunt:
976 1557 1080 1581 amor
1096 1546 1205 1581 modo
1234 1545 1473 1590 natus,rixa,

225 1621 490 1665 reconciliatio,
520 1622 722 1667 repudium.
752 1621 801 1655 At
825 1622 906 1667 quis
926 1633 1080 1667 quaeso,
1104 1624 1180 1655 tam
1195 1621 1351 1655 infirmis
1367 1622 1474 1655 nixus

226 1698 474 1733 fundamentis
512 1698 712 1745 quidquam
753 1698 839 1733 certi
865 1698 911 1733 de
937 1709 978 1733 re
1005 1698 1194 1745 hucusque
1219 1699 1356 1734 ineerta
1383 1700 1475 1735 scire

224 1776 288 1809 aut
316 1773 444 1808 docere
472 1773 633 1820 poterit‘?

277 1848 439 1886 Probare
477 1850 697 1886 studuerunt
733 1853 770 1885 et
806 1849 874 1885 sibi
913 1849 979 1885 visi
1018 1852 1104 1885 sunt
1142 1849 1218 1885 Viri
1247 1849 1472 1895 Doctissimi,

227 1933 383 1971 quorum
421 1925 608 1972 opiniones
642 1925 887 1970 laudavimus,
926 1924 1114 1970 Lesbiam,
1158 1937 1269 1973 quam
1310 1925 1471 1961 Catullus

223 2000 359 2036 amavit
388 2001 498 2036 fuisse
526 2000 689 2037 Clodiam
731 2000 1047 2043 Quadrantariam.
1087 2001 1136 2036 At
1164 2001 1252 2048 quid
1280 2000 1473 2036 fecerunt‘?

223 2075 475 2122 Depinxerunt
500 2077 719 2122 imaginem,
744 2088 855 2123 quam
879 2076 947 2111 sibi
972 2076 1104 2111 Catulli
1127 2077 1358 2112 efformasent
1372 2087 1472 2111 amo-

221 2151 291 2194 ris;
331 2151 471 2186 nullum
513 2154 770 2198 argumentum
816 2151 1035 2196 attulerunt,
1073 2163 1145 2198 quo
1183 2152 1322 2198 opinio,
1361 2163 1471 2198 quam

221 2227 363 2274 peperit
393 2226 536 2274 Apuleji
561 2227 829 2272 testimonium,
863 2228 1080 2263 firmaretur.
1110 2226 1149 2262 Si
1178 2227 1470 2263 demonstratum

226 2305 321 2338 esset
359 2302 426 2338 sub
463 2302 614 2338 Lesbiae
651 2303 801 2339 nomine
836 2314 1029 2350 personam
1070 2303 1215 2339 Clodiae
1244 2303 1377 2348 latere,
1415 2305 1471 2349 id,

222 2378 321 2425 quod
370 2377 678 2424 Jungelausenus,
725 2378 913 2424 Helbigius
960 2380 995 2413 et
1040 2377 1251 2414 Schwabius
1289 2379 1470 2424 fecerunt,

220 2453 393 2501 probaret
422 2453 573 2487 eandem
605 2464 683 2488 rem
713 2454 822 2488 variis
860 2453 978 2488 modis
1014 2453 1108 2488 bene
1137 2454 1215 2488 fieri
1245 2466 1360 2501 posse.
1400 2453 1471 2490 Sed

222 2541 334 2577 quum
373 2528 464 2564 nihil
495 2529 579 2564 novi
603 2528 811 2573 attulerint,
840 2540 911 2576 quo
935 2529 1141 2576 opinionem
1166 2529 1373 2575 firmarent,
1404 2542 1469 2577 ego
