1892 3007
955 245 1004 281 78

356 369 489 405 Omnia
526 370 562 405 in
601 381 756 417 magnae
794 371 922 406 matris
960 370 1071 406 sacris
1105 370 1240 417 agitata
1278 370 1437 417 quadam
1474 372 1596 404 mente

350 445 508 488 fiebant,
537 446 676 479 nullum
704 448 782 479 erat
810 431 969 479 metrum
995 446 1085 480 adeo
1100 446 1156 479 his
1172 444 1337 479 cantibus
1361 445 1593 489 adaptatum,

354 529 465 566 quam
509 519 593 567 “pes
632 520 767 565 citus'',
796 519 948 555 iambus.
985 519 1104 562 Quum
1134 521 1256 554 autem
1287 519 1469 563 carmina,
1503 527 1596 564 quae

352 595 433 628 cani
449 594 613 628 solebant
626 595 754 629 ionicis
767 599 991 642 ἀνακλωμέναις
1002 621 1010 637 ,
1025 595 1239 639 plerumque
1253 593 1450 638 composita
1475 595 1596 626 essent

351 668 589 704 solutionibus
628 671 664 704 et
700 667 1025 713 contractionibus,
1054 668 1104 703 ita
1132 667 1234 714 lapsu
1264 666 1435 713 temporis
1460 666 1593 701 immu-

352 746 469 777 tatum
498 747 553 777 est
577 746 756 786 metrum,
783 746 825 776 ut
852 743 890 776 in
919 742 1120 777 Catulliano
1149 743 1310 776 carmine
1335 752 1408 775 non
1437 740 1595 774 dubitari

353 817 484 865 possit,
527 818 635 864 quin,
676 818 730 853 uti
770 828 904 853 nomen
928 817 1084 862 indicat,
1113 816 1256 853 iambus
1283 815 1525 864 principatum
1553 813 1590 849 in

354 903 458 927 versu
494 895 627 927 teneat.
669 891 748 933 Qua
784 892 829 926 de
865 902 991 926 caussa
1028 892 1265 938 improbanda
1298 891 1440 925 videtur
1481 890 1594 932 ratio,

352 978 424 1013 qua
466 967 697 1002 Werthesius
729 969 765 1002 et
804 966 1036 1003 Ahlwardtus
1071 978 1216 1002 versum
1255 964 1489 1001 dividendum
1518 975 1595 999 esse

353 1041 558 1087 opinantur.
598 1042 775 1086 Tempora
812 1044 936 1075 autem
970 1041 1030 1075 hic
1057 1044 1154 1075 recte
1183 1041 1396 1075 observavit.

380 1116 492 1152 Recte
516 1116 594 1162 jam
617 1115 779 1151 Muretus
799 1116 910 1161 vidit,
937 1127 1008 1162 quo
1032 1118 1136 1162 pacto
1161 1127 1286 1151 versus
1310 1120 1404 1151 esset
1427 1117 1464 1153 in
1488 1111 1596 1158 Pedes

353 1190 567 1225 dividendus
579 1218 588 1234 ,
599 1193 635 1224 et
650 1190 746 1236 quod
761 1190 806 1224 ad
822 1200 964 1224 comma
980 1190 1137 1235 primum
1153 1190 1309 1236 pertinet
1319 1218 1328 1235 ,
1344 1203 1364 1225 e
1379 1191 1595 1227 Terentiano

354 1265 479 1300 Mauro
507 1266 643 1300 didicit.

408 1339 449 1373 In
478 1339 567 1373 duas
596 1342 718 1373 autem
748 1342 867 1385 partes
892 1349 1015 1373 versus
1044 1338 1239 1383 dividitur,
1259 1351 1412 1385 quorum
1440 1341 1597 1386 priorem

352 1415 509 1459 primum
525 1414 782 1470 ‹iescribemus
799 1412 918 1448 Semel
933 1414 971 1447 in
987 1414 1057 1448 hoc
1071 1417 1251 1449 commate
1266 1415 1346 1460 puri
1362 1416 1597 1451 inveniuntur

352 1488 458 1524 ionici
475 1499 496 1523 a
507 1488 657 1529 minore,
669 1499 799 1535 nempe
810 1499 860 1523 vs.
872 1487 942 1523 54:
958 1488 1016 1522 “et
1027 1499 1151 1523 earum
1164 1486 1283 1524 omnia
1297 1487 1467 1525 adirem.'’
1480 1489 1595 1532 Quam

972 1550 1099 1562 VV—
1142 1556 1180 1561 ——
1225 1551 1299 1563 vv
1337 1552 1414 1562 -ψ

351 1595 541 1629 lectionem
550 1594 657 1629 metri
669 1605 795 1645 caussa
805 1595 879 1628 fere
889 1605 1015 1629 omnes
1024 1594 1154 1629 Catulli
1166 1595 1380 1641 interpretes
1391 1600 1595 1643 corruptam

350 1682 428 1705 esse
458 1670 594 1716 opinati
619 1672 713 1704 sunt.
740 1668 799 1704 Sic
820 1669 1001 1705 Guarinus
1021 1670 1194 1715 conjecit:
1223 1670 1450 1717 “etsemina
1474 1684 1596 1707 earum

349 1742 530 1789 adirem,”
549 1742 694 1789 (contra
718 1743 912 1789 metrum);
936 1744 988 1777 sic
1012 1743 1168 1778 Statius:
1196 1744 1255 1779 “et
1280 1756 1403 1779 earum
1417 1748 1459 1780 ut
1474 1744 1594 1780 omnia

349 1818 510 1854 adirem’'
526 1818 593 1865 (ita
607 1821 646 1853 ut
666 1818 830 1854 “omnia''
845 1823 940 1854 esset
954 1819 1198 1866 disyllabum.)
1215 1819 1274 1855 Sic
1289 1819 1465 1866 Scaliger:
1481 1824 1539 1856 “et
1554 1825 1595 1857 ut

349 1891 468 1928 omnia
500 1904 623 1928 earum
653 1891 814 1927 adirem”
846 1893 988 1940 (contra
1011 1894 1212 1941 metrum),
1245 1893 1423 1929 Muretus:
1454 1894 1593 1931 “amica

349 1966 510 2002 adirem
523 1996 531 2012 ,
560 1969 612 2003 sic
638 1968 888 2003 Ahlwardtus:
907 1971 965 2003 “et
980 1981 1103 2003 earum
1120 1968 1303 2004 adomnia
1322 1969 1441 2005 irem.’'
1476 1970 1592 2011 Quam

349 2041 593 2086 conjecturam
623 2042 784 2076 Nobbius
821 2054 913 2086 non,
951 2047 991 2077 ut
1020 2042 1179 2088 Silligius
1215 2044 1252 2077 in
1288 2045 1445 2078 editione
1475 2046 1594 2090 perhi-

348 2116 429 2160 bet,
467 2116 650 2162 probavit,
686 2119 723 2150 at
761 2119 903 2150 tantum
933 2117 1203 2162 sagacissimam
1234 2118 1345 2162 dixit,
1374 2119 1593 2165 improbavit

347 2194 471 2225 tamen
500 2190 569 2224 “ob
598 2189 727 2224 durum
756 2188 771 2223 -i
799 2190 943 2225 litterae
972 2190 1104 2226 vocalis
1133 2191 1168 2225 in
1199 2191 1349 2226 elisione
1379 2203 1594 2228 concursum

352 2265 410 2299 “et
442 2265 621 2299 diversam
651 2263 748 2298 verbi
778 2263 848 2307 ire,
878 2276 921 2299 ex
951 2263 1002 2299 ad
1027 2266 1292 2311 praepositione
1322 2267 1525 2313 compositi,
1555 2271 1596 2301 et

344 2351 427 2374 cum
453 2338 581 2374 eadem
602 2339 869 2385 praepositione
893 2338 1011 2385 juncti
1035 2340 1391 2386 significationem’'¹.
1424 2341 1589 2376 Absurda

380 2538 387 2555 ¹
413 2534 461 2562 (ἐπ’.
488 2533 617 2568 Nobbe,
642 2542 670 2568 p.
698 2535 733 2561 10
758 2537 789 2562 et
812 2535 920 2562 eadem
946 2536 1070 2569 pagina.
1094 2536 1171 2562 nota
1199 2537 1242 2562 14.
