1892 3007
1042 245 1066 279 6

424 369 500 411 “Q”
540 370 577 404 in
613 370 776 405 codicem
814 370 998 405 Datanum
1036 371 1232 417 irrepsisse.
1271 370 1366 405 Nam
1404 372 1486 417 qui,
1515 381 1669 416 quaeso,

418 443 513 501 fieri}
534 445 730 491 potuisset,
759 448 801 481 ut
828 445 866 481 in
895 446 986 482 duos
1015 445 1176 491 codices,
1217 457 1371 493 quorum
1403 456 1477 481 non
1504 445 1597 481 alter
1625 457 1671 482 ex

417 519 532 556 altero
570 520 773 567 descriptus
810 521 876 565 sit,
912 521 1020 568 plane
1065 521 1194 556 eadem
1233 521 1408 567 irreperet
1444 520 1675 567 interpolatio

418 594 520 641 cujus
549 595 648 631 nulla
679 596 782 632 adest
811 596 944 633 idonea
971 596 1107 633 causa‘?

473 670 660 715 Alterum,
685 671 783 717 quod
807 671 1021 707 Schwabius
1047 672 1209 716 monuit,
1236 682 1409 725 persaepe
1437 671 1479 713 Q.
1504 670 1673 707 Catulum

416 748 562 792 poetam
596 748 632 780 et
666 745 848 782 Catullum
881 747 978 782 inter
1011 759 1051 782 se
1082 742 1273 791 conhmdi,
1311 746 1479 782 lubenter
1515 738 1673 782 concedo

418 832 537 867 neque
574 823 700 856 contra
746 824 800 856 tot
837 824 1014 869 tantaque
1054 822 1284 866 toetimonia‚
1325 833 1419 868 quae
1461 820 1673 857 Schwabius

414 895 556 940 attulit,
592 907 757 942 pugnare
793 896 898 941 licet,
940 897 1004 932 sed
1046 896 1134 943 quid
1171 897 1240 932 hoc
1277 896 1323 931 ad
1359 896 1490 931 Catulli
1517 907 1669 943 praeno-

414 970 531 1005 men‘?
582 971 700 1006 Nemo
752 972 897 1017 ignorat
948 971 1117 1007 Catulum
1167 974 1312 1018 poetam
1367 971 1545 1013 Quintum
1594 981 1673 1005 esse

415 1048 606 1090 vocatum,
629 1046 694 1081 sed
716 1049 759 1081 ut
782 1046 869 1081 inde
902 1045 1031 1092 conjici
1059 1047 1192 1093 possit,
1222 1046 1347 1088 Quinti
1375 1056 1596 1093 praenomen
1625 1045 1671 1080 ad

418 1120 599 1156 Catullum
624 1132 646 1156 a
672 1121 801 1157 Catulo
829 1133 909 1157 esse
937 1122 1174 1165 translatum,
1203 1120 1284 1167 Gaji
1312 1131 1537 1167 praenomen
1561 1131 1668 1166 argu-

414 1196 549 1230 mentis
565 1199 601 1231 et
616 1197 769 1231 testibus
785 1197 972 1232 firmatum
988 1200 1025 1232 et
1039 1196 1240 1232 stabilitum
1256 1208 1335 1232 esse
1350 1196 1523 1240 debebat,
1539 1196 1670 1242 quibus

413 1270 560 1317 obloqui
599 1272 736 1317 nequit.
775 1271 857 1307 Non
886 1274 1010 1307 tamen
1038 1272 1090 1307 ita
1117 1283 1176 1307 res
1208 1283 1287 1307 sese
1322 1270 1442 1307 habet.
1468 1270 1574 1306 Certe
1597 1271 1669 1305 duo

418 1345 692 1391 locupletissimi
722 1349 888 1381 auctores
911 1347 960 1381 ita
991 1349 1135 1392 poetam
1164 1347 1467 1390 nominaverunt,
1504 1347 1542 1381 in
1571 1346 1670 1381 nullo

417 1430 544 1454 eorum
585 1431 736 1466 operum
775 1421 897 1478 codice
939 1421 1046 1457 lectio
1084 1421 1265 1465 variatur,
1308 1421 1372 1456 sed
1408 1424 1450 1456 ut
1488 1421 1671 1457 Schwabii

413 1495 621 1541 exemplum
650 1507 804 1542 sequar,
833 1496 871 1530 hi
910 1496 982 1531 duo
1006 1498 1119 1531 testes
1147 1496 1194 1531 ad
1220 1507 1336 1531 unum
1365 1496 1545 1531 referendi
1572 1498 1668 1531 sunt.

412 1569 516 1605 Alter
552 1571 667 1615 enim,
711 1570 906 1618 Apulejus,
946 1574 988 1607 ut
1028 1572 1105 1619 ipse
1142 1570 1355 1606 Schwabius
1393 1571 1602 1618 profitetur,
1630 1572 1669 1606 in

413 1647 673 1692 praenomibus
697 1647 853 1682 citandis
878 1647 1121 1693 negligentior
1140 1647 1219 1682 suit.
1236 1646 1331 1693 Ergo
1345 1646 1408 1682 ubi
1424 1647 1669 1683 controversia

411 1725 466 1756 est
488 1722 694 1766 diimenda,
718 1733 792 1757 non
819 1721 1021 1757 audiendus
1048 1724 1122 1766 est,
1150 1721 1250 1757 nulla
1273 1724 1328 1757 est
1354 1721 1579 1757 auctoritate.
1609 1720 1669 1757 Sic

414 1800 491 1832 tota
529 1796 613 1845 Gaji
649 1798 899 1844 praenominis
937 1797 1027 1832 fides
1055 1798 1093 1832 in
1123 1797 1348 1843 Hieronymo
1381 1797 1449 1832 sita
1487 1801 1553 1832 est.
1599 1797 1669 1839 Qui

412 1872 579 1919 quamvis
603 1872 641 1907 in
665 1872 791 1908 multis
817 1872 888 1908 fide
910 1872 1042 1919 dignus
1065 1875 1140 1917 est,
1164 1874 1288 1908 tamen
1311 1874 1351 1907 ut
1375 1870 1507 1907 Catulli
1530 1883 1669 1908 annum

411 1948 560 1983 fatalem
587 1959 671 1983 eum
696 1960 770 1983 non
794 1951 964 1984 accurate
987 1948 1182 1983 adnotasse
1204 1959 1290 1982 mox
1319 1947 1667 1992 demonstrabimus,

411 2023 464 2058 sic
487 2018 525 2058 in
548 2023 787 2070 praenomine
810 2022 972 2069 ejusdem
998 2025 1127 2070 poetae
1150 2034 1296 2067 vereor,
1311 2025 1353 2058 ut
1372 2021 1449 2069 ejus
1472 2023 1668 2059 auctoritas

410 2099 666 2144 anteponenda
695 2098 743 2133 sit
771 2099 855 2132 fidei
887 2099 1062 2133 codicum.

463 2174 594 2209 Nullus
622 2173 722 2208 enim
751 2176 806 2209 est
834 2174 968 2218 codeX,
996 2176 1033 2209 et
1055 2174 1125 2209 hoc
1147 2173 1260 2221 probe
1284 2173 1486 2209 tenendum
1507 2177 1581 2218 est,
1606 2174 1667 2220 qui

409 2247 487 2295 Caji
525 2259 748 2296 praenomen
783 2248 964 2295 praebeat.
1004 2247 1114 2284 Pauci
1142 2251 1287 2284 tantum
1314 2259 1537 2295 praenomen
1566 2247 1668 2283 addi-

410 2325 515 2369 dere,
540 2325 604 2360 sed
632 2325 670 2360 hi
700 2325 867 2360 unanimi
903 2336 1084 2360 consensu
1107 2328 1252 2371 poetam
1286 2324 1462 2366 Quintum
1487 2324 1666 2360 dixerunt.

410 2400 480 2442 Qui
509 2400 671 2444 codices,
701 2411 926 2447 quamquam
954 2400 1022 2446 ipsi
1052 2399 1200 2446 quidem
1228 2410 1303 2435 non
1336 2399 1382 2434 ad
1413 2400 1667 2446 antiquissima

409 2479 575 2523 tempora
599 2477 781 2511 referendi
816 2479 921 2520 sunt,
956 2477 1093 2511 fontem
1119 2479 1245 2511 tamen
1273 2474 1412 2511 habent
1436 2475 1666 2511 venerandae

408 2551 611 2587 vetustatis.
647 2550 718 2587 Sed
752 2555 792 2586 ut
825 2551 871 2587 ad
903 2551 991 2587 illud
1025 2551 1192 2596 redeam,
1219 2550 1316 2598 quod
1350 2550 1498 2586 Vossius
1521 2562 1666 2598 quoque
