1892 3007
980 269 1060 306 126

385 393 438 429 2⁰.
456 394 623 431 Alterum
646 400 904 443 argumentum
920 398 1015 444 quod
1042 398 1107 442 iis,
1132 398 1195 444 qui
1218 396 1383 434 Clodiam
1414 409 1457 434 ac
1472 398 1644 434 Lesbiam

385 469 541 506 eandam
565 483 644 507 esse
668 475 820 508 censent
836 472 1152 517 obversatur‚hoc
1181 476 1252 508 est:
1282 474 1431 509 ineunte
1458 484 1555 508 anno
1591 472 1643 508 56

385 543 548 581 Catullus
577 558 597 581 e
625 546 798 594 Bithynia
822 548 859 582 in
886 547 1030 583 Italiam
1054 548 1183 593 rediit,
1218 559 1331 595 quum
1374 547 1460 583 “ver
1483 548 1643 594 egelidos

387 620 561 657 “referret
588 624 766 669 tepores'’.
796 623 900 659 Tunc
937 623 982 659 de
1021 622 1206 659 Ciceronis
1235 624 1398 659 oratione
1426 635 1492 671 pro
1521 622 1643 658 Caelio

383 697 542 742 audivit,
581 710 692 744 quam
731 700 791 734 hic
830 700 957 735 eodem
997 700 1072 735 fere
1110 703 1274 746 tempore
1300 698 1438 734 habuit.
1468 698 1642 734 Unanimi

383 782 564 807 consensu
589 771 822 818 Schwabius,
850 773 1059 820 Helbigius,
1084 773 1372 820 Jungclausenus
1388 774 1548 808 fatentur
1562 775 1643 819 post

383 856 464 880 eam
494 847 697 881 orationem
723 847 903 882 Catullum
933 859 1080 894 prorsus
1109 847 1273 883 Clodiam
1312 859 1437 883 amare
1474 847 1642 891 desiisse,

383 923 419 954 et
456 921 518 966 qui
556 922 669 956 semel
706 934 788 957 eam
826 923 974 969 legerit,
1015 934 1089 958 non
1127 922 1272 968 dubito,
1311 923 1399 970 quin
1438 923 1507 957 hac
1535 922 1572 957 in
1603 933 1642 957 re

383 995 534 1030 omnino
565 1008 647 1031 cum
677 997 720 1032 iis
749 997 867 1033 faciat.
899 997 948 1032 At
976 1001 1099 1033 tamen
1130 1009 1277 1033 carmen
1307 996 1380 1042 11,
1408 997 1446 1032 in
1476 1008 1547 1043 quo
1574 996 1642 1031 Ca-

390 1070 524 1117 tullus,
550 1075 592 1107 ut
607 1071 758 1108 Lesbiae
785 1084 899 1120 pauca
928 1085 1000 1109 non
1016 1073 1112 1109 hona
1141 1073 1236 1109 dicta
1261 1072 1452 1117 nuntient,
1473 1072 1583 1107 Furio
1606 1074 1642 1107 et

384 1146 531 1182 Aurelio
575 1148 750 1194 imperat,
789 1148 835 1183 ob
877 1148 1140 1183 “monumenta
1180 1147 1304 1194 magni
1344 1147 1554 1190 Caesaris”‚
1595 1145 1641 1181 ob

387 1221 590 1257 “Gallicum
626 1222 845 1267 Rhenum”,
873 1222 920 1258 ob
952 1222 1122 1259 “ultimos
1150 1221 1385 1258 Brittannos'’
1417 1234 1491 1257 non
1519 1224 1639 1269 potest

381 1297 556 1344 scriptum
586 1309 665 1332 esse
693 1301 779 1333 ante
803 1302 982 1334 aestatem
1007 1298 1094 1333 anni
1119 1298 1190 1342 55,
1210 1297 1298 1333 satis
1319 1297 1382 1332 diu
1405 1297 1516 1343 igitur
1540 1299 1637 1343 post-

382 1383 493 1418 quam
521 1372 565 1407 de
595 1372 781 1408 Ciceronis
813 1373 976 1408 oratione
1005 1376 1112 1419 poeta
1142 1373 1289 1408 audivit.
1320 1372 1500 1419 Equidem
1531 1383 1636 1407 num-

382 1458 491 1493 quam
530 1448 677 1483 credam
714 1460 778 1495 per
811 1460 949 1483 annum
979 1452 1015 1483 et
1044 1448 1236 1483 dimidium
1266 1451 1410 1494 poetam
1441 1450 1633 1494 postquam

381 1523 442 1557 illa
479 1523 616 1558 famosa
654 1526 690 1558 et
727 1524 865 1559 nefaria
905 1524 1036 1559 mulier
1073 1524 1237 1558 omnium
1265 1523 1464 1558 contemtui
1495 1522 1629 1557 tradita

380 1600 494 1643 esset,
519 1598 788 1645 quodammodo
812 1599 942 1634 saltem
966 1611 1047 1634 cum
1073 1610 1115 1634 ea
1142 1598 1373 1645 conjunctam
1395 1598 1517 1633 fuisse.
1545 1596 1632 1632 Car-

381 1674 481 1708 mine
509 1674 607 1708 enim
636 1673 683 1708 11
717 1675 908 1721 repudium
938 1675 1086 1709 demum
1115 1685 1135 1709 a
1164 1677 1270 1720 poeta
1299 1673 1450 1709 Lesbiae
1478 1672 1633 1708 remitti-

380 1752 458 1783 tur:
497 1761 580 1784 cum
619 1750 693 1785 suis
721 1750 841 1785 vivere
871 1750 1061 1796 valereque
1090 1737 1250 1785 moechis
1279 1760 1360 1784 eam
1384 1748 1510 1795 jubet,
1541 1759 1631 1794 quos

380 1824 489 1858 simul
518 1824 723 1870 complexos
752 1827 933 1859 trecentos
962 1828 1062 1860 tenet
1090 1836 1178 1868 nec,
1206 1825 1259 1859 sic
1287 1824 1461 1866 absolvit,

601 1935 678 1963 “nec
699 1942 804 1963 meum
827 1935 1006 1971 respectet,
1028 1936 1064 1963 ut
1085 1936 1160 1963 ante
1182 1942 1342 1970 amorem,

600 1997 674 2034 “qui
696 1997 782 2026 illius
803 1997 898 2033 eulpa
917 1997 1053 2034 cecidit,
1075 1996 1165 2026 velut
1187 1996 1271 2033 prati

600 2060 723 2089 “ultimi
744 2060 821 2098 flos,
843 2062 1073 2097 praetereunte
1096 2061 1264 2097 postquam

599 2122 724 2153 “tactus
745 2124 852 2152 aratro
875 2122 958 2153 est.''

435 2209 564 2244 Moesti
595 2212 630 2244 et
669 2210 811 2255 queruli
849 2210 900 2245 illi
939 2221 1064 2245 versus
1102 2212 1286 2245 recentem
1315 2210 1499 2243 testantur
1527 2207 1626 2242 dolo-

380 2296 456 2321 rem
470 2313 479 2330 ,
504 2296 622 2332 neque
643 2284 767 2331 scripti
786 2287 871 2320 sunt
894 2287 1088 2332 postquam
1112 2287 1217 2331 poeta
1232 2282 1391 2331 primum
1407 2282 1450 2317 ad
1468 2282 1629 2317 dolorem

379 2361 590 2397 leniendum
628 2363 697 2397 iter
734 2363 771 2396 in
814 2361 1026 2407 Bithyniam
1069 2363 1277 2406 susceperat
1314 2362 1350 2394 et
1396 2358 1527 2394 deinde
1568 2369 1633 2405 per

381 2437 469 2472 satis
495 2436 646 2483 longum
674 2440 818 2483 tempus
847 2436 885 2471 in
914 2435 1058 2471 Italiam
1085 2445 1251 2471 reversus
1289 2434 1430 2470 Romae
1466 2436 1529 2469 aut
1564 2433 1632 2468 Ve-

381 2524 493 2549 ronae
520 2513 682 2560 degerat.

437 2588 509 2625 Sed
546 2592 587 2624 ut
624 2588 670 2624 ad
708 2599 750 2624 ea
788 2588 1000 2632 redeamus,
1039 2598 1131 2634 quae
1164 2597 1273 2634 supra
1298 2584 1375 2633 jam
1405 2585 1583 2621 diximus:
1613 2597 1634 2621 a
