1892 3007
980 239 1029 274 80

390 366 560 414 “jacium
582 366 848 414 bederiqerae'',
860 379 909 402 vs.
922 367 992 402 48:
1018 366 1101 402 “Ibi
1115 371 1220 403 vasta
1236 366 1399 410 maria'';
1416 380 1464 403 vs.
1482 367 1552 411 63,
1566 370 1629 403 aut

385 439 562 475 “mulier”
610 443 648 475 in
703 441 792 476 duas
830 442 1076 476 contrahendo
1114 442 1289 488 syllabas,
1328 445 1391 477 aut
1434 440 1620 489 “femina'’

380 515 552 559 legendo3
581 527 620 550 vs
652 515 701 549 70
730 518 793 549 aut
821 515 991 560 legendo:
1012 513 1253 563 “Viridisque
1275 527 1337 561 eqo
1364 513 1515 560 alqida”
1544 518 1624 550 aut:

385 590 469 635 “eqo
486 588 608 636 sbeda
635 587 768 624 viridis
797 587 921 623 ldae''.
953 587 1024 622 Sed
1054 589 1151 623 nulla
1175 590 1304 624 harum
1329 589 1624 624 emendationum

379 674 467 709 opus
495 674 574 698 esse
599 663 748 698 videtur.
779 662 897 698 Citato
922 664 1012 710 pede
1037 664 1109 698 ruit
1131 664 1374 699 Galliambus:
1401 663 1531 698 solutio
1562 663 1621 697 illa

379 737 486 784 primi
524 737 624 784 pedis
661 737 870 772 celeriorem
907 749 1051 772 versum
1082 738 1203 772 efficit.
1236 737 1363 783 Neque
1400 738 1510 783 igitur
1539 748 1626 783 opus

377 815 432 846 est
459 811 665 856 conjectura
694 812 754 847 illa
783 811 976 857 Scaligeri‚
1013 824 1123 858 quam
1149 813 1333 858 egregiam
1359 813 1450 847 dixit
1470 812 1620 847 Doerin-

380 886 486 930 gius¹
522 896 586 931 pro
630 883 804 920 “mulier'’
849 885 1005 932 “puber'’
1036 898 1084 921 vs.
1123 885 1173 920 63
1204 886 1365 931 legentis.
1397 886 1477 920 Non
1506 886 1623 928 enim,

379 971 491 1005 quum
529 960 643 1006 puber
678 964 714 994 et
750 961 909 1006 ephebus
944 960 1039 994 idem
1079 960 1284 1005 significant
1327 960 1551 995 “cumulatae
1579 959 1624 994 de

385 1033 560 1079 “pueritia
581 1036 617 1068 et
641 1033 883 1069 adolescentia
910 1045 1014 1069 voces
1040 1035 1184 1080 egregie
1206 1035 1414 1080 exprimunt
1438 1034 1623 1079 ingenium

383 1108 615 1151 “hominum,
645 1120 721 1142 rem
750 1109 909 1154 aliquam
934 1109 980 1143 ob
1008 1110 1120 1143 animi
1154 1110 1434 1144 commotionem
1463 1108 1623 1154 pluribus

384 1181 502 1216 “idem
542 1183 615 1217 fere
652 1183 939 1228 significantibus
974 1184 1238 1218 enarantium”.
1285 1182 1456 1218 Caussam
1500 1193 1622 1216 emen-

379 1257 517 1291 dationi
557 1268 644 1291 suae
677 1258 845 1292 attulerat
862 1257 1045 1303 Scaliger:
1079 1257 1194 1292 “Cum
1224 1258 1426 1303 deploraret
1453 1257 1623 1292 mutatio·

379 1333 493 1376 “nem
516 1333 680 1366 fortunae
711 1343 817 1376 suae,
847 1332 941 1366 inter
969 1332 1038 1367 alia
1067 1335 1348 1379 conquereretur
1370 1343 1409 1367 se
1431 1331 1621 1366 mulierem

380 1398 543 1432 “fuisse‘?
582 1399 654 1433 imo
679 1410 775 1433 nunc
799 1402 874 1442 est,
900 1399 995 1445 quod
1024 1402 1267 1445 conqueratur
1295 1411 1333 1434 se
1360 1410 1437 1433 esse
1448 1400 1479 1433 ’'.
1506 1400 1519 1419 ¹
1550 1397 1620 1432 Sed

380 1472 477 1507 nullo
505 1476 609 1519 pacto
638 1473 810 1508 orationis
839 1484 953 1508 nexus
989 1473 1164 1508 turbatur.
1195 1473 1336 1508 Genera
1361 1473 1457 1507 enim
1487 1472 1621 1517 figurae

378 1551 483 1592 poeta
509 1549 681 1593 temporis
717 1548 843 1582 ordine
881 1552 1065 1591 recenset,
1094 1559 1115 1582 a
1152 1548 1314 1582 mulieris
1346 1549 1482 1591 forma,
1511 1557 1619 1592 quam

378 1621 613 1656 novissimam
653 1621 748 1656 Attis
782 1622 949 1656 induerat
985 1622 1133 1656 initium
1163 1621 1297 1655 ducens
1313 1624 1338 1655 ³.
1368 1621 1409 1655 In
1438 1620 1620 1655 nonnullis

380 1696 489 1740 igitur
518 1695 679 1730 versibus
705 1697 739 1730 in
765 1697 881 1742 prima
907 1696 991 1731 sede
1016 1696 1167 1731 solvitur
1190 1700 1404 1742 anapaestus
1429 1697 1463 1730 in
1497 1707 1619 1741 proce·

378 1770 649 1813 leusmaticum3
688 1782 888 1817 numquam
919 1774 1041 1805 autem
1071 1770 1159 1806 solvi
1189 1774 1305 1817 potest
1332 1771 1369 1806 in
1398 1770 1617 1816 tribrachyn.

378 1844 459 1878 Non
485 1846 595 1890 igitur
623 1846 708 1879 ferri
732 1849 850 1890 potest
879 1857 928 1879 vs.
960 1845 1029 1879 68:
1060 1845 1208 1892 “Eyone
1237 1846 1354 1881 Deum
1383 1845 1552 1880 ministra
1583 1848 1617 1879 eb

378 1916 552 1964 “Cybeles
581 1917 740 1966 famula
769 1917 927 1961 ferar?”
959 1919 1077 1961 Quare
1106 1931 1231 1954 omnes
1274 1921 1335 1966 qui
1374 1920 1479 1954 metri
1518 1923 1617 1954 teno-

378 2004 454 2026 rem
486 1993 761 2036 intellexerunt‚
787 1994 895 2038 hujus
921 1994 987 2028 loci
1010 1995 1138 2028 vitium
1163 1995 1355 2029 emendare
1379 1996 1497 2029 conati
1522 1998 1615 2028 sunt.

378 2066 437 2100 Sic
466 2066 702 2101 Doctissimus
742 2069 778 2101 in
809 2067 911 2102 Obss.
943 2067 1089 2102 Miscell.
1121 2068 1170 2112 V,
1197 2067 1264 2112 69,
1291 2069 1442 2103 testibus
1467 2068 1617 2103 Doerin-

412 2230 416 2245 ¹
445 2226 597 2260 Doni-ing.
621 2226 650 2253 in
676 2226 815 2254 editione
838 2227 957 2263 altera,
982 2236 1009 2261 p.
1033 2229 1081 2255 95.

409 2288 420 2306 ·-’
443 2286 586 2321 Scaliger
608 2287 638 2314 in
662 2287 736 2315 edit.
760 2288 834 2315 anni
861 2288 947 2316 1577.
972 2296 1001 2322 p.
1024 2289 1071 2316 58.

407 2350 419 2367 3
442 2348 488 2375 (ts.
514 2348 623 2376 Nobbo
647 2357 675 2382 p.
702 2350 745 2376 13.
770 2350 873 2383 Sillig.
899 2350 1045 2383 Epistola
1067 2350 1202 2386 Critica,
1229 2359 1255 2385 p.
1281 2353 1317 2379 19
1340 2359 1385 2387 sq.
1411 2352 1536 2380 Nullius
1558 2360 1620 2380 ino-

367 2408 464 2435 menti
490 2408 615 2436 videtur
633 2409 817 2442 conjectura
843 2409 1016 2437 Frijhlichii
1038 2409 1206 2443 (Abhandl.
1223 2411 1279 2438 der
1303 2412 1316 2438 ῐ
1340 2412 1377 2439 cl.
1401 2412 1429 2439 tl.
1455 2412 1492 2439 K.
1518 2413 1640 2448 Exuet-‚3

367 2468 428 2497 Ak.
451 2469 479 2497 d.
507 2469 617 2502 Wiss.,
643 2471 685 2505 V,
709 2471 727 2498 3
751 2479 778 2505 p.
804 2472 899 2505 241):
925 2470 1014 2506 “Ego
1028 2478 1106 2506 puer
1123 2473 1154 2500 ct
1168 2479 1226 2508 ego
1239 2472 1619 2511 adolesceiis‚cgoephc-

368 2529 461 2565 “bus,
485 2532 517 2558 et
539 2538 598 2565 ego
623 2530 714 2558 vii-'⁷2³
