<?xml version="1.0" encoding="UTF-8"?>
<!DOCTYPE html PUBLIC "-//W3C//DTD XHTML 1.0 Transitional//EN"
    "http://www.w3.org/TR/xhtml1/DTD/xhtml1-transitional.dtd">
<html xmlns="http://www.w3.org/1999/xhtml" xml:lang="en" lang="en">
 <head>
  <title>
</title>
<meta http-equiv="Content-Type" content="text/html;charset=utf-8" />
  <meta name='ocr-system' content='tesseract 3.04.00' />
  <meta name='ocr-capabilities' content='ocr_page ocr_carea ocr_par ocr_line ocrx_word'/>
</head>
<body>
  <div class='ocr_page' id='page_1' title='image "./4738081_0121.png"; bbox 0 0 1892 3007; ppageno 0'>
   <div class='ocr_carea' id='block_1_1' title="bbox 984 240 1036 278">
    <p class='ocr_par' dir='ltr' id='par_1_1' title="bbox 984 240 1036 278">
     <span class='ocr_line' id='line_1_1' title="bbox 984 240 1036 278; baseline 0 0"><span class='ocrx_word' id='word_1_1' title='bbox 984 240 1036 278; x_wconf 88' lang='lat'>98</span> 
     </span>
    </p>
   </div>
   <div class='ocr_carea' id='block_1_2' title="bbox 364 369 1633 2336">
    <p class='ocr_par' dir='ltr' id='par_1_2' title="bbox 367 369 1626 1027">
     <span class='ocr_line' id='line_1_2' title="bbox 367 369 1626 419; baseline 0.001 -13"><span class='ocrx_word' id='word_1_2' title='bbox 367 369 499 406; x_wconf 84' lang='lat' dir='ltr'>Catulli</span> <span class='ocrx_word' id='word_1_3' title='bbox 540 371 744 407; x_wconf 85' lang='lat' dir='ltr'><strong>accuratius</strong></span> <span class='ocrx_word' id='word_1_4' title='bbox 784 371 1035 419; x_wconf 88' lang='lat' dir='ltr'>perspicienda</span> <span class='ocrx_word' id='word_1_5' title='bbox 1076 371 1233 407; x_wconf 82' lang='lat' dir='ltr'>multum</span> <span class='ocrx_word' id='word_1_6' title='bbox 1270 374 1368 407; x_wconf 86' lang='lat' dir='ltr'>certe</span> <span class='ocrx_word' id='word_1_7' title='bbox 1407 382 1450 407; x_wconf 89' lang='lat' dir='ltr'>ea</span> <span class='ocrx_word' id='word_1_8' title='bbox 1492 371 1626 408; x_wconf 87' lang='lat' dir='ltr'>notitia</span> 
     </span>
     <span class='ocr_line' id='line_1_3' title="bbox 368 448 1626 495; baseline 0.001 -13"><span class='ocrx_word' id='word_1_9' title='bbox 368 448 567 493; x_wconf 85' lang='lat' dir='ltr'><strong>prodesset.</strong></span> <span class='ocrx_word' id='word_1_10' title='bbox 583 448 632 483; x_wconf 93' lang='lat' dir='ltr'>At</span> <span class='ocrx_word' id='word_1_11' title='bbox 646 452 771 483; x_wconf 86' lang='lat' dir='ltr'>contra</span> <span class='ocrx_word' id='word_1_12' title='bbox 781 475 790 492; x_wconf 88' lang='lat'>,</span> <span class='ocrx_word' id='word_1_13' title='bbox 806 449 836 483; x_wconf 93' lang='lat' dir='ltr'>si</span> <span class='ocrx_word' id='word_1_14' title='bbox 851 448 957 484; x_wconf 91' lang='lat' dir='ltr'>nobis</span> <span class='ocrx_word' id='word_1_15' title='bbox 966 449 1058 484; x_wconf 88' lang='lat' dir='ltr'>scire</span> <span class='ocrx_word' id='word_1_16' title='bbox 1073 448 1239 483; x_wconf 87' lang='lat' dir='ltr'>videmur</span> <span class='ocrx_word' id='word_1_17' title='bbox 1253 460 1346 495; x_wconf 90' lang='lat' dir='ltr'>quae</span> <span class='ocrx_word' id='word_1_18' title='bbox 1362 448 1471 483; x_wconf 76' lang='lat' dir='ltr'>fuerit</span> <span class='ocrx_word' id='word_1_19' title='bbox 1486 448 1605 495; x_wconf 90' lang='lat' dir='ltr'>puella</span> <span class='ocrx_word' id='word_1_20' title='bbox 1617 475 1626 492; x_wconf 96' lang='lat'>,</span> 
     </span>
     <span class='ocr_line' id='line_1_4' title="bbox 368 521 1620 571; baseline -0.001 -13"><span class='ocrx_word' id='word_1_21' title='bbox 368 533 480 569; x_wconf 88' lang='lat' dir='ltr'>quam</span> <span class='ocrx_word' id='word_1_22' title='bbox 509 521 672 559; x_wconf 86' lang='lat' dir='ltr'><strong>Catullus</strong></span> <span class='ocrx_word' id='word_1_23' title='bbox 699 523 876 559; x_wconf 87' lang='lat' dir='ltr'>amaverit</span> <span class='ocrx_word' id='word_1_24' title='bbox 907 534 1027 571; x_wconf 89' lang='lat' dir='ltr'>neque</span> <span class='ocrx_word' id='word_1_25' title='bbox 1049 523 1087 558; x_wconf 91' lang='lat' dir='ltr'>id</span> <span class='ocrx_word' id='word_1_26' title='bbox 1110 534 1150 558; x_wconf 90' lang='lat' dir='ltr'>re</span> <span class='ocrx_word' id='word_1_27' title='bbox 1178 533 1262 558; x_wconf 87' lang='lat' dir='ltr'>vera</span> <span class='ocrx_word' id='word_1_28' title='bbox 1291 522 1479 569; x_wconf 88' lang='lat' dir='ltr'>cognitum</span> <span class='ocrx_word' id='word_1_29' title='bbox 1506 522 1620 557; x_wconf 91' lang='lat' dir='ltr'>habe-</span> 
     </span>
     <span class='ocr_line' id='line_1_5' title="bbox 370 599 1625 645; baseline 0.002 -13"><span class='ocrx_word' id='word_1_30' title='bbox 370 609 472 642; x_wconf 87' lang='lat' dir='ltr'>mus,</span> <span class='ocrx_word' id='word_1_31' title='bbox 511 599 541 632; x_wconf 90' lang='lat' dir='ltr'>si</span> <span class='ocrx_word' id='word_1_32' title='bbox 578 599 691 644; x_wconf 89' lang='lat' dir='ltr'>igitur</span> <span class='ocrx_word' id='word_1_33' title='bbox 717 599 806 633; x_wconf 87' lang='lat' dir='ltr'>falsa</span> <span class='ocrx_word' id='word_1_34' title='bbox 833 599 972 634; x_wconf 89' lang='lat' dir='ltr'>utimur</span> <span class='ocrx_word' id='word_1_35' title='bbox 999 610 1147 643; x_wconf 86' lang='lat' dir='ltr'>norma,</span> <span class='ocrx_word' id='word_1_36' title='bbox 1171 599 1218 634; x_wconf 88' lang='lat' dir='ltr'>ad</span> <span class='ocrx_word' id='word_1_37' title='bbox 1259 610 1371 645; x_wconf 83' lang='lat' dir='ltr'>quam</span> <span class='ocrx_word' id='word_1_38' title='bbox 1404 599 1625 645; x_wconf 84' lang='lat' dir='ltr'>interpreta-</span> 
     </span>
     <span class='ocr_line' id='line_1_6' title="bbox 371 673 1626 722; baseline 0 -12"><span class='ocrx_word' id='word_1_39' title='bbox 371 674 510 710; x_wconf 89' lang='lat' dir='ltr'><strong>tionem</strong></span> <span class='ocrx_word' id='word_1_40' title='bbox 537 673 616 721; x_wconf 88' lang='lat' dir='ltr'>ejus</span> <span class='ocrx_word' id='word_1_41' title='bbox 644 674 848 710; x_wconf 85' lang='lat' dir='ltr'>carminum</span> <span class='ocrx_word' id='word_1_42' title='bbox 876 674 1085 721; x_wconf 81' lang='lat' dir='ltr'>dirigimus,</span> <span class='ocrx_word' id='word_1_43' title='bbox 1112 674 1219 722; x_wconf 89' lang='lat' dir='ltr'>plane</span> <span class='ocrx_word' id='word_1_44' title='bbox 1246 685 1268 710; x_wconf 86' lang='lat' dir='ltr'>a</span> <span class='ocrx_word' id='word_1_45' title='bbox 1296 677 1396 710; x_wconf 88' lang='lat' dir='ltr'>recta</span> <span class='ocrx_word' id='word_1_46' title='bbox 1422 674 1481 710; x_wconf 90' lang='lat' dir='ltr'>via</span> <span class='ocrx_word' id='word_1_47' title='bbox 1521 674 1626 710; x_wconf 90' lang='lat' dir='ltr'>aber-</span> 
     </span>
     <span class='ocr_line' id='line_1_7' title="bbox 369 750 1625 798; baseline 0.001 -13"><span class='ocrx_word' id='word_1_48' title='bbox 369 762 505 786; x_wconf 84' lang='lat' dir='ltr'>ramus.</span> <span class='ocrx_word' id='word_1_49' title='bbox 521 750 635 786; x_wconf 90' lang='lat' dir='ltr'>Multa</span> <span class='ocrx_word' id='word_1_50' title='bbox 650 751 749 786; x_wconf 92' lang='lat' dir='ltr'>enim</span> <span class='ocrx_word' id='word_1_51' title='bbox 760 779 769 795; x_wconf 88' lang='lat'><strong><em>,</em></strong></span> <span class='ocrx_word' id='word_1_52' title='bbox 784 762 877 797; x_wconf 88' lang='lat' dir='ltr'>quae</span> <span class='ocrx_word' id='word_1_53' title='bbox 892 762 965 786; x_wconf 90' lang='lat' dir='ltr'>non</span> <span class='ocrx_word' id='word_1_54' title='bbox 982 752 1143 798; x_wconf 86' lang='lat' dir='ltr'>expediri</span> <span class='ocrx_word' id='word_1_55' title='bbox 1159 755 1320 798; x_wconf 84' lang='lat' dir='ltr'><strong>possunt,</strong></span> <span class='ocrx_word' id='word_1_56' title='bbox 1335 751 1625 798; x_wconf 83' lang='lat' dir='ltr'>praeclarissime</span> 
     </span>
     <span class='ocr_line' id='line_1_8' title="bbox 369 826 1623 874; baseline 0 -12"><span class='ocrx_word' id='word_1_57' title='bbox 369 827 540 874; x_wconf 86' lang='lat' dir='ltr'>expedire</span> <span class='ocrx_word' id='word_1_58' title='bbox 556 827 662 863; x_wconf 90' lang='lat' dir='ltr'>nobis</span> <span class='ocrx_word' id='word_1_59' title='bbox 677 826 881 863; x_wconf 86' lang='lat' dir='ltr'>videbimur</span> <span class='ocrx_word' id='word_1_60' title='bbox 892 856 900 872; x_wconf 92' lang='lat'>‚</span> <span class='ocrx_word' id='word_1_61' title='bbox 915 827 1050 872; x_wconf 87' lang='lat' dir='ltr'>multa,</span> <span class='ocrx_word' id='word_1_62' title='bbox 1067 838 1160 874; x_wconf 91' lang='lat' dir='ltr'>quae</span> <span class='ocrx_word' id='word_1_63' title='bbox 1175 830 1273 863; x_wconf 88' lang='lat' dir='ltr'>rec-te</span> <span class='ocrx_word' id='word_1_64' title='bbox 1288 826 1469 874; x_wconf 81' lang='lat' dir='ltr'>explicare</span> <span class='ocrx_word' id='word_1_65' title='bbox 1483 827 1623 874; x_wconf 86' lang='lat' dir='ltr'>potuis-</span> 
     </span>
     <span class='ocr_line' id='line_1_9' title="bbox 367 903 1624 950; baseline 0.001 -13"><span class='ocrx_word' id='word_1_66' title='bbox 367 915 509 948; x_wconf 87' lang='lat' dir='ltr'>semus,</span> <span class='ocrx_word' id='word_1_67' title='bbox 546 903 676 938; x_wconf 89' lang='lat' dir='ltr'>vitiose</span> <span class='ocrx_word' id='word_1_68' title='bbox 711 903 982 950; x_wconf 84' lang='lat' dir='ltr'>explicabimus.</span> <span class='ocrx_word' id='word_1_69' title='bbox 1022 903 1144 939; x_wconf 86' lang='lat' dir='ltr'>Satius</span> <span class='ocrx_word' id='word_1_70' title='bbox 1183 904 1282 938; x_wconf 91' lang='lat' dir='ltr'>enim</span> <span class='ocrx_word' id='word_1_71' title='bbox 1324 907 1381 939; x_wconf 80' lang='lat' dir='ltr'>est</span> <span class='ocrx_word' id='word_1_72' title='bbox 1409 903 1500 938; x_wconf 89' lang='lat' dir='ltr'>nihil</span> <span class='ocrx_word' id='word_1_73' title='bbox 1529 904 1624 939; x_wconf 89' lang='lat' dir='ltr'>scire</span> 
     </span>
     <span class='ocr_line' id='line_1_10' title="bbox 377 979 739 1027; baseline -0.003 -12"><span class='ocrx_word' id='word_1_74' title='bbox 377 991 487 1027; x_wconf 88' lang='lat' dir='ltr'>quam</span> <span class='ocrx_word' id='word_1_75' title='bbox 515 979 606 1015; x_wconf 83' lang='lat' dir='ltr'>falsa</span> <span class='ocrx_word' id='word_1_76' title='bbox 634 979 739 1015; x_wconf 87' lang='lat' dir='ltr'>scire.</span> 
     </span>
    </p>

    <p class='ocr_par' dir='ltr' id='par_1_3' title="bbox 364 1054 1633 1633">
     <span class='ocr_line' id='line_1_11' title="bbox 422 1054 1628 1102; baseline -0.001 -11"><span class='ocrx_word' id='word_1_77' title='bbox 422 1055 540 1091; x_wconf 89' lang='lat' dir='ltr'>Locus</span> <span class='ocrx_word' id='word_1_78' title='bbox 568 1056 605 1090; x_wconf 92' lang='lat' dir='ltr'>in</span> <span class='ocrx_word' id='word_1_79' title='bbox 629 1056 699 1091; x_wconf 89' lang='lat' dir='ltr'>hac</span> <span class='ocrx_word' id='word_1_80' title='bbox 721 1067 763 1090; x_wconf 90' lang='lat' dir='ltr'>re</span> <span class='ocrx_word' id='word_1_81' title='bbox 785 1054 1018 1102; x_wconf 88' lang='lat' dir='ltr'>dijudicanda</span> <span class='ocrx_word' id='word_1_82' title='bbox 1042 1055 1212 1091; x_wconf 86' lang='lat' dir='ltr'>classicus</span> <span class='ocrx_word' id='word_1_83' title='bbox 1236 1055 1369 1101; x_wconf 88' lang='lat' dir='ltr'>legitur</span> <span class='ocrx_word' id='word_1_84' title='bbox 1389 1055 1428 1090; x_wconf 93' lang='lat' dir='ltr'>in</span> <span class='ocrx_word' id='word_1_85' title='bbox 1456 1054 1628 1102; x_wconf 87' lang='lat' dir='ltr'>Apulej0‚</span> 
     </span>
     <span class='ocr_line' id='line_1_12' title="bbox 369 1129 1626 1178; baseline 0 -12"><span class='ocrx_word' id='word_1_86' title='bbox 369 1132 432 1178; x_wconf 91' lang='lat' dir='ltr'>qui</span> <span class='ocrx_word' id='word_1_87' title='bbox 457 1132 508 1166; x_wconf 88' lang='lat' dir='ltr'>ita</span> <span class='ocrx_word' id='word_1_88' title='bbox 532 1131 678 1178; x_wconf 82' lang='lat' dir='ltr'>scripsit</span> <span class='ocrx_word' id='word_1_89' title='bbox 696 1133 726 1166; x_wconf 89' lang='lat'>¹:</span> <span class='ocrx_word' id='word_1_90' title='bbox 762 1130 925 1167; x_wconf 85' lang='lat' dir='ltr'>“Eadem</span> <span class='ocrx_word' id='word_1_91' title='bbox 953 1132 1067 1177; x_wconf 85' lang='lat' dir='ltr'>igitur</span> <span class='ocrx_word' id='word_1_92' title='bbox 1095 1142 1204 1178; x_wconf 88' lang='lat' dir='ltr'>opera</span> <span class='ocrx_word' id='word_1_93' title='bbox 1233 1133 1404 1166; x_wconf 79' lang='lat' dir='ltr'>accusent</span> <span class='ocrx_word' id='word_1_94' title='bbox 1432 1130 1471 1166; x_wconf 91' lang='lat' dir='ltr'>C.</span> <span class='ocrx_word' id='word_1_95' title='bbox 1502 1129 1626 1166; x_wconf 87' lang='lat' dir='ltr'>Catul-</span> 
     </span>
     <span class='ocr_line' id='line_1_13' title="bbox 371 1205 1633 1254; baseline 0 -13"><span class='ocrx_word' id='word_1_96' title='bbox 371 1207 489 1251; x_wconf 86' lang='lat' dir='ltr'>“lum‚</span> <span class='ocrx_word' id='word_1_97' title='bbox 518 1207 617 1254; x_wconf 91' lang='lat' dir='ltr'>quod</span> <span class='ocrx_word' id='word_1_98' title='bbox 644 1205 817 1243; x_wconf 75' lang='lat' dir='ltr'>Lesbiam</span> <span class='ocrx_word' id='word_1_99' title='bbox 844 1218 909 1253; x_wconf 93' lang='lat' dir='ltr'>pro</span> <span class='ocrx_word' id='word_1_100' title='bbox 943 1205 1076 1242; x_wconf 80' lang='lat' dir='ltr'>Clodia</span> <span class='ocrx_word' id='word_1_101' title='bbox 1105 1206 1305 1241; x_wconf 88' lang='lat' dir='ltr'>nominarit</span> <span class='ocrx_word' id='word_1_102' title='bbox 1332 1209 1369 1241; x_wconf 88' lang='lat' dir='ltr'>et</span> <span class='ocrx_word' id='word_1_103' title='bbox 1396 1205 1560 1241; x_wconf 88' lang='lat' dir='ltr'>Ticidam</span> <span class='ocrx_word' id='word_1_104' title='bbox 1584 1207 1633 1241; x_wconf 90' lang='lat' dir='ltr'>si-</span> 
     </span>
     <span class='ocr_line' id='line_1_14' title="bbox 371 1280 1629 1330; baseline -0.002 -11"><span class='ocrx_word' id='word_1_105' title='bbox 371 1283 549 1328; x_wconf 83' lang='lat' dir='ltr'>“militer‚</span> <span class='ocrx_word' id='word_1_106' title='bbox 583 1284 680 1330; x_wconf 90' lang='lat' dir='ltr'>quod</span> <span class='ocrx_word' id='word_1_107' title='bbox 713 1294 807 1330; x_wconf 88' lang='lat' dir='ltr'>quae</span> <span class='ocrx_word' id='word_1_108' title='bbox 833 1282 979 1319; x_wconf 90' lang='lat' dir='ltr'>Metella</span> <span class='ocrx_word' id='word_1_109' title='bbox 1003 1286 1081 1318; x_wconf 91' lang='lat' dir='ltr'>erat</span> <span class='ocrx_word' id='word_1_110' title='bbox 1105 1282 1276 1318; x_wconf 86' lang='lat' dir='ltr'>Perillam</span> <span class='ocrx_word' id='word_1_111' title='bbox 1301 1282 1520 1329; x_wconf 83' lang='lat' dir='ltr'>scripserit.&#39;&#39;</span> <span class='ocrx_word' id='word_1_112' title='bbox 1553 1280 1629 1317; x_wconf 84' lang='lat' dir='ltr'>Cet.</span> 
     </span>
     <span class='ocr_line' id='line_1_15' title="bbox 366 1358 1627 1403; baseline -0.002 -8"><span class='ocrx_word' id='word_1_113' title='bbox 366 1359 436 1401; x_wconf 86' lang='lat' dir='ltr'>Qui</span> <span class='ocrx_word' id='word_1_114' title='bbox 465 1359 562 1395; x_wconf 93' lang='lat' dir='ltr'>solus</span> <span class='ocrx_word' id='word_1_115' title='bbox 595 1359 694 1395; x_wconf 90' lang='lat' dir='ltr'>locus</span> <span class='ocrx_word' id='word_1_116' title='bbox 722 1362 797 1403; x_wconf 85' lang='lat' dir='ltr'>est,</span> <span class='ocrx_word' id='word_1_117' title='bbox 826 1359 889 1394; x_wconf 93' lang='lat' dir='ltr'>ubi</span> <span class='ocrx_word' id='word_1_118' title='bbox 917 1370 1046 1394; x_wconf 90' lang='lat' dir='ltr'>verum</span> <span class='ocrx_word' id='word_1_119' title='bbox 1061 1358 1214 1394; x_wconf 90' lang='lat' dir='ltr'>Lesbiae</span> <span class='ocrx_word' id='word_1_120' title='bbox 1243 1370 1378 1394; x_wconf 90' lang='lat' dir='ltr'>nomen</span> <span class='ocrx_word' id='word_1_121' title='bbox 1404 1370 1627 1394; x_wconf 89' lang='lat' dir='ltr'>commemo-</span> 
     </span>
     <span class='ocr_line' id='line_1_16' title="bbox 364 1434 1633 1482; baseline 0.001 -12"><span class='ocrx_word' id='word_1_122' title='bbox 364 1438 467 1471; x_wconf 84' lang='lat' dir='ltr'>ratur</span> <span class='ocrx_word' id='word_1_123' title='bbox 495 1436 533 1470; x_wconf 93' lang='lat' dir='ltr'>in</span> <span class='ocrx_word' id='word_1_124' title='bbox 562 1434 746 1479; x_wconf 76' lang='lat' dir='ltr'>omnibus,</span> <span class='ocrx_word' id='word_1_125' title='bbox 771 1436 833 1482; x_wconf 90' lang='lat' dir='ltr'>qui</span> <span class='ocrx_word' id='word_1_126' title='bbox 861 1435 908 1470; x_wconf 90' lang='lat' dir='ltr'>ad</span> <span class='ocrx_word' id='word_1_127' title='bbox 936 1447 1003 1471; x_wconf 91' lang='lat' dir='ltr'>nos</span> <span class='ocrx_word' id='word_1_128' title='bbox 1030 1438 1275 1482; x_wconf 86' lang='lat' dir='ltr'>pervenerunt</span> <span class='ocrx_word' id='word_1_129' title='bbox 1299 1435 1458 1481; x_wconf 83' lang='lat' dir='ltr'>antiquis</span> <span class='ocrx_word' id='word_1_130' title='bbox 1478 1435 1633 1482; x_wconf 86' lang='lat' dir='ltr'>scripto-</span> 
     </span>
     <span class='ocr_line' id='line_1_17' title="bbox 364 1510 1620 1557; baseline -0.001 -11"><span class='ocrx_word' id='word_1_131' title='bbox 364 1511 476 1546; x_wconf 89' lang='lat' dir='ltr'>ribus.</span> <span class='ocrx_word' id='word_1_132' title='bbox 516 1510 612 1552; x_wconf 87' lang='lat' dir='ltr'>Quid</span> <span class='ocrx_word' id='word_1_133' title='bbox 649 1522 694 1545; x_wconf 84' lang='lat' dir='ltr'>ex</span> <span class='ocrx_word' id='word_1_134' title='bbox 736 1522 778 1546; x_wconf 90' lang='lat' dir='ltr'>eo</span> <span class='ocrx_word' id='word_1_135' title='bbox 808 1510 928 1557; x_wconf 82' lang='lat' dir='ltr'>colligi</span> <span class='ocrx_word' id='word_1_136' title='bbox 969 1511 1083 1557; x_wconf 78' lang='lat' dir='ltr'>possit</span> <span class='ocrx_word' id='word_1_137' title='bbox 1126 1511 1345 1557; x_wconf 86' lang='lat' dir='ltr'>investigare</span> <span class='ocrx_word' id='word_1_138' title='bbox 1374 1513 1410 1546; x_wconf 86' lang='lat' dir='ltr'>et</span> <span class='ocrx_word' id='word_1_139' title='bbox 1439 1514 1620 1556; x_wconf 87' lang='lat' dir='ltr'>quatenus</span> 
     </span>
     <span class='ocr_line' id='line_1_18' title="bbox 364 1585 1625 1633; baseline 0.001 -12"><span class='ocrx_word' id='word_1_140' title='bbox 364 1587 398 1621; x_wconf 88' lang='lat' dir='ltr'>ei</span> <span class='ocrx_word' id='word_1_141' title='bbox 427 1587 517 1622; x_wconf 89' lang='lat' dir='ltr'>fides</span> <span class='ocrx_word' id='word_1_142' title='bbox 545 1586 715 1622; x_wconf 88' lang='lat' dir='ltr'>habenda</span> <span class='ocrx_word' id='word_1_143' title='bbox 743 1587 810 1630; x_wconf 87' lang='lat' dir='ltr'>sit,</span> <span class='ocrx_word' id='word_1_144' title='bbox 839 1589 1099 1632; x_wconf 80' lang='lat' dir='ltr'>argumentum</span> <span class='ocrx_word' id='word_1_145' title='bbox 1125 1587 1196 1621; x_wconf 91' lang='lat' dir='ltr'>erit</span> <span class='ocrx_word' id='word_1_146' title='bbox 1224 1585 1333 1632; x_wconf 88' lang='lat' dir='ltr'>hujus</span> <span class='ocrx_word' id='word_1_147' title='bbox 1357 1586 1625 1633; x_wconf 88' lang='lat' dir='ltr'>disputationis.</span> 
     </span>
    </p>

    <p class='ocr_par' dir='ltr' id='par_1_4' title="bbox 367 1661 1622 1785">
     <span class='ocr_line' id='line_1_19' title="bbox 420 1661 1622 1709; baseline -0.001 -12"><span class='ocrx_word' id='word_1_148' title='bbox 420 1662 661 1709; x_wconf 85' lang='lat' dir='ltr'>Aliquantum</span> <span class='ocrx_word' id='word_1_149' title='bbox 699 1664 796 1697; x_wconf 88' lang='lat' dir='ltr'>certe</span> <span class='ocrx_word' id='word_1_150' title='bbox 833 1661 1004 1709; x_wconf 87' lang='lat' dir='ltr'>ponderis</span> <span class='ocrx_word' id='word_1_151' title='bbox 1042 1661 1185 1709; x_wconf 90' lang='lat' dir='ltr'>Apuleji</span> <span class='ocrx_word' id='word_1_152' title='bbox 1223 1661 1433 1697; x_wconf 88' lang='lat' dir='ltr'>testimonio</span> <span class='ocrx_word' id='word_1_153' title='bbox 1471 1661 1622 1697; x_wconf 84' lang='lat' dir='ltr'>additur</span> 
     </span>
     <span class='ocr_line' id='line_1_20' title="bbox 367 1738 982 1785; baseline -0.003 -10"><span class='ocrx_word' id='word_1_154' title='bbox 367 1739 446 1775; x_wconf 92' lang='lat' dir='ltr'>loco</span> <span class='ocrx_word' id='word_1_155' title='bbox 476 1738 676 1784; x_wconf 85' lang='lat' dir='ltr'>Ovidiano,</span> <span class='ocrx_word' id='word_1_156' title='bbox 704 1738 767 1774; x_wconf 92' lang='lat' dir='ltr'>ubi</span> <span class='ocrx_word' id='word_1_157' title='bbox 796 1738 931 1785; x_wconf 84' lang='lat' dir='ltr'>legitur</span> <span class='ocrx_word' id='word_1_158' title='bbox 948 1739 982 1773; x_wconf 86' lang='lat'>²:</span> 
     </span>
    </p>

    <p class='ocr_par' dir='ltr' id='par_1_5' title="bbox 587 1834 1425 1928">
     <span class='ocr_line' id='line_1_21' title="bbox 587 1834 1380 1871; baseline 0 -7"><span class='ocrx_word' id='word_1_159' title='bbox 587 1835 662 1865; x_wconf 84' lang='lat' dir='ltr'>“Sic</span> <span class='ocrx_word' id='word_1_160' title='bbox 684 1843 743 1864; x_wconf 82' lang='lat' dir='ltr'>sua</span> <span class='ocrx_word' id='word_1_161' title='bbox 763 1835 884 1864; x_wconf 83' lang='lat' dir='ltr'>lascivo</span> <span class='ocrx_word' id='word_1_162' title='bbox 908 1835 959 1864; x_wconf 81' lang='lat' dir='ltr'>est</span> <span class='ocrx_word' id='word_1_163' title='bbox 980 1842 1077 1871; x_wconf 81' lang='lat' dir='ltr'>saepe</span> <span class='ocrx_word' id='word_1_164' title='bbox 1099 1835 1229 1864; x_wconf 80' lang='lat' dir='ltr'>cantata</span> <span class='ocrx_word' id='word_1_165' title='bbox 1252 1834 1380 1865; x_wconf 86' lang='lat' dir='ltr'>Catullo</span> 
     </span>
     <span class='ocr_line' id='line_1_22' title="bbox 635 1896 1425 1928; baseline 0.001 -2"><span class='ocrx_word' id='word_1_166' title='bbox 635 1898 790 1927; x_wconf 84' lang='lat' dir='ltr'>“Femina</span> <span class='ocrx_word' id='word_1_167' title='bbox 811 1898 863 1927; x_wconf 89' lang='lat' dir='ltr'>cui</span> <span class='ocrx_word' id='word_1_168' title='bbox 885 1898 999 1927; x_wconf 81' lang='lat' dir='ltr'>falsum</span> <span class='ocrx_word' id='word_1_169' title='bbox 1021 1898 1161 1927; x_wconf 82' lang='lat' dir='ltr'>Lesbiae</span> <span class='ocrx_word' id='word_1_170' title='bbox 1182 1905 1300 1927; x_wconf 83' lang='lat' dir='ltr'>nomen</span> <span class='ocrx_word' id='word_1_171' title='bbox 1323 1896 1425 1928; x_wconf 80' lang='lat' dir='ltr'>erat.&#39;&#39;</span> 
     </span>
    </p>

    <p class='ocr_par' dir='ltr' id='par_1_6' title="bbox 369 1984 1633 2336">
     <span class='ocr_line' id='line_1_23' title="bbox 427 1984 1628 2031; baseline 0 -12"><span class='ocrx_word' id='word_1_172' title='bbox 427 1984 456 2019; x_wconf 89' lang='grc' dir='ltr'>Ε</span> <span class='ocrx_word' id='word_1_173' title='bbox 484 1996 556 2031; x_wconf 93' lang='lat' dir='ltr'>quo</span> <span class='ocrx_word' id='word_1_174' title='bbox 581 1985 650 2019; x_wconf 90' lang='lat' dir='ltr'>hoc</span> <span class='ocrx_word' id='word_1_175' title='bbox 678 1984 872 2028; x_wconf 88' lang='lat' dir='ltr'>discimus,</span> <span class='ocrx_word' id='word_1_176' title='bbox 910 1995 950 2019; x_wconf 90' lang='lat' dir='ltr'>re</span> <span class='ocrx_word' id='word_1_177' title='bbox 978 1995 1064 2019; x_wconf 90' lang='lat' dir='ltr'>vera</span> <span class='ocrx_word' id='word_1_178' title='bbox 1092 1984 1159 2019; x_wconf 93' lang='lat' dir='ltr'>sub</span> <span class='ocrx_word' id='word_1_179' title='bbox 1189 1984 1340 2019; x_wconf 89' lang='lat' dir='ltr'>Lesbiae</span> <span class='ocrx_word' id='word_1_180' title='bbox 1368 1984 1517 2019; x_wconf 91' lang='lat' dir='ltr'>nomine</span> <span class='ocrx_word' id='word_1_181' title='bbox 1545 1996 1628 2031; x_wconf 91' lang='lat' dir='ltr'>per-</span> 
     </span>
     <span class='ocr_line' id='line_1_24' title="bbox 369 2059 1628 2108; baseline 0 -12"><span class='ocrx_word' id='word_1_182' title='bbox 369 2072 497 2096; x_wconf 86' lang='lat' dir='ltr'>sonam</span> <span class='ocrx_word' id='word_1_183' title='bbox 535 2060 695 2108; x_wconf 88' lang='lat' dir='ltr'>aliquam</span> <span class='ocrx_word' id='word_1_184' title='bbox 732 2060 845 2096; x_wconf 83' lang='lat' dir='ltr'>latere</span> <span class='ocrx_word' id='word_1_185' title='bbox 882 2072 951 2096; x_wconf 91' lang='lat' dir='ltr'>nec</span> <span class='ocrx_word' id='word_1_186' title='bbox 988 2059 1191 2107; x_wconf 84' lang='lat' dir='ltr'>Catullum,</span> <span class='ocrx_word' id='word_1_187' title='bbox 1222 2062 1264 2095; x_wconf 89' lang='lat' dir='ltr'>ut</span> <span class='ocrx_word' id='word_1_188' title='bbox 1292 2059 1473 2107; x_wconf 90' lang='lat' dir='ltr'>imprimis</span> <span class='ocrx_word' id='word_1_189' title='bbox 1501 2071 1628 2096; x_wconf 89' lang='lat' dir='ltr'>recen-</span> 
     </span>
     <span class='ocr_line' id='line_1_25' title="bbox 369 2135 1626 2183; baseline 0.001 -12"><span class='ocrx_word' id='word_1_190' title='bbox 369 2137 480 2171; x_wconf 92' lang='lat' dir='ltr'>tiores</span> <span class='ocrx_word' id='word_1_191' title='bbox 502 2139 631 2183; x_wconf 90' lang='lat' dir='ltr'>poetae</span> <span class='ocrx_word' id='word_1_192' title='bbox 655 2137 773 2171; x_wconf 85' lang='lat' dir='ltr'>facere</span> <span class='ocrx_word' id='word_1_193' title='bbox 797 2136 915 2171; x_wconf 92' lang='lat' dir='ltr'>solent</span> <span class='ocrx_word' id='word_1_194' title='bbox 938 2147 1102 2171; x_wconf 91' lang='lat' dir='ltr'>amorem</span> <span class='ocrx_word' id='word_1_195' title='bbox 1126 2136 1255 2171; x_wconf 85' lang='lat' dir='ltr'>fictum</span> <span class='ocrx_word' id='word_1_196' title='bbox 1281 2135 1385 2171; x_wconf 89' lang='lat' dir='ltr'>laetis</span> <span class='ocrx_word' id='word_1_197' title='bbox 1409 2139 1446 2171; x_wconf 83' lang='lat' dir='ltr'>et</span> <span class='ocrx_word' id='word_1_198' title='bbox 1474 2137 1626 2172; x_wconf 87' lang='lat' dir='ltr'>maestis</span> 
     </span>
     <span class='ocr_line' id='line_1_26' title="bbox 370 2212 1622 2260; baseline -0.001 -12"><span class='ocrx_word' id='word_1_199' title='bbox 370 2212 594 2249; x_wconf 90' lang='lat' dir='ltr'>carminibus</span> <span class='ocrx_word' id='word_1_200' title='bbox 635 2212 820 2249; x_wconf 90' lang='lat' dir='ltr'>cecinisse.</span> <span class='ocrx_word' id='word_1_201' title='bbox 865 2212 1012 2260; x_wconf 88' lang='lat' dir='ltr'>Reliqui</span> <span class='ocrx_word' id='word_1_202' title='bbox 1053 2212 1098 2248; x_wconf 91' lang='lat' dir='ltr'>de</span> <span class='ocrx_word' id='word_1_203' title='bbox 1128 2212 1256 2248; x_wconf 89' lang='lat' dir='ltr'>Lesbia</span> <span class='ocrx_word' id='word_1_204' title='bbox 1299 2212 1386 2257; x_wconf 91' lang='lat' dir='ltr'>loci,</span> <span class='ocrx_word' id='word_1_205' title='bbox 1425 2213 1489 2260; x_wconf 91' lang='lat' dir='ltr'>qui</span> <span class='ocrx_word' id='word_1_206' title='bbox 1526 2212 1622 2260; x_wconf 92' lang='lat' dir='ltr'>apud</span> 
     </span>
     <span class='ocr_line' id='line_1_27' title="bbox 370 2288 1633 2336; baseline -0.001 -12"><span class='ocrx_word' id='word_1_207' title='bbox 370 2290 541 2336; x_wconf 83' lang='lat' dir='ltr'>antiquos</span> <span class='ocrx_word' id='word_1_208' title='bbox 569 2290 763 2335; x_wconf 85' lang='lat' dir='ltr'>scriptores</span> <span class='ocrx_word' id='word_1_209' title='bbox 786 2289 958 2335; x_wconf 85' lang='lat' dir='ltr'>leguntur</span> <span class='ocrx_word' id='word_1_210' title='bbox 985 2288 1077 2323; x_wconf 88' lang='lat' dir='ltr'>nihil</span> <span class='ocrx_word' id='word_1_211' title='bbox 1105 2289 1210 2333; x_wconf 85' lang='lat' dir='ltr'>novi,</span> <span class='ocrx_word' id='word_1_212' title='bbox 1239 2289 1337 2335; x_wconf 90' lang='lat' dir='ltr'>quod</span> <span class='ocrx_word' id='word_1_213' title='bbox 1364 2300 1444 2324; x_wconf 90' lang='lat' dir='ltr'>rem</span> <span class='ocrx_word' id='word_1_214' title='bbox 1465 2289 1633 2334; x_wconf 87' lang='lat' dir='ltr'>perficiat</span> 
     </span>
    </p>
   </div>
   <div class='ocr_carea' id='block_1_3' title="bbox 377 2363 545 2400">
    <p class='ocr_par' dir='ltr' id='par_1_7' title="bbox 377 2363 545 2400">
     <span class='ocr_line' id='line_1_28' title="bbox 377 2363 545 2400; baseline 0 0"><span class='ocrx_word' id='word_1_215' title='bbox 377 2363 545 2400; x_wconf 73' lang='lat' dir='ltr'>afferunt.</span> 
     </span>
    </p>
   </div>
   <div class='ocr_carea' id='block_1_4' title="bbox 383 2464 560 2469">
    <p class='ocr_par' dir='ltr' id='par_1_8' title="bbox 383 2464 560 2469">
     <span class='ocr_line' id='line_1_29' title="bbox 383 2464 560 2469; baseline 0 0"><span class='ocrx_word' id='word_1_216' title='bbox 383 2464 560 2469; x_wconf 95' lang='lat' dir='ltr'> </span> 
     </span>
    </p>
   </div>
   <div class='ocr_carea' id='block_1_5' title="bbox 410 2519 1101 2619">
    <p class='ocr_par' dir='ltr' id='par_1_9' title="bbox 410 2519 1101 2619">
     <span class='ocr_line' id='line_1_30' title="bbox 410 2519 1101 2556; baseline -0.001 -6"><span class='ocrx_word' id='word_1_217' title='bbox 410 2523 416 2542; x_wconf 90' lang='lat'><strong>¹</strong></span> <span class='ocrx_word' id='word_1_218' title='bbox 441 2519 537 2556; x_wconf 89' lang='lat' dir='ltr'>Apul.</span> <span class='ocrx_word' id='word_1_219' title='bbox 560 2520 600 2549; x_wconf 89' lang='lat' dir='ltr'>de</span> <span class='ocrx_word' id='word_1_220' title='bbox 624 2519 750 2556; x_wconf 82' lang='lat' dir='ltr'>Magia.</span> <span class='ocrx_word' id='word_1_221' title='bbox 775 2519 811 2548; x_wconf 90' lang='lat' dir='ltr'>X.</span> <span class='ocrx_word' id='word_1_222' title='bbox 834 2528 864 2556; x_wconf 90' lang='lat' dir='ltr'>p.</span> <span class='ocrx_word' id='word_1_223' title='bbox 888 2519 950 2549; x_wconf 80' lang='lat'>465</span> <span class='ocrx_word' id='word_1_224' title='bbox 973 2519 1101 2549; x_wconf 84' lang='lat' dir='ltr'>Hildeb.</span> 
     </span>
     <span class='ocr_line' id='line_1_31' title="bbox 413 2582 839 2619; baseline -0.002 -7"><span class='ocrx_word' id='word_1_225' title='bbox 413 2584 425 2603; x_wconf 78' lang='lat'><em>²</em></span> <span class='ocrx_word' id='word_1_226' title='bbox 448 2582 544 2612; x_wconf 85' lang='lat' dir='ltr'>Ovid.</span> <span class='ocrx_word' id='word_1_227' title='bbox 567 2582 666 2611; x_wconf 81' lang='lat' dir='ltr'>Trist.</span> <span class='ocrx_word' id='word_1_228' title='bbox 691 2583 746 2619; x_wconf 83' lang='grc' dir='ltr'>ΙΙ,</span> <span class='ocrx_word' id='word_1_229' title='bbox 768 2583 839 2612; x_wconf 77' lang='lat'>427.</span> 
     </span>
    </p>
   </div>
  </div>
 </body>
</html>
