1892 3007
895 233 946 269 39

297 363 545 409 quaerendam
568 361 677 409 hujus
692 361 918 409 cognominis
931 361 987 397 vir
1010 357 1145 397 Doctus
1165 358 1373 395 arbitratur.
1400 358 1543 409 “Scrip-

296 436 367 473 “sit
394 440 516 473 autem
545 449 652 473 nemo
680 438 813 473 nudius
841 448 951 484 quam
975 440 1098 472 noster
1120 437 1166 472 de
1190 434 1304 472 rebus
1327 447 1483 481 nequam
1508 440 1545 472 et

300 491 517 560 “Venereis,
556 513 621 548 sed
657 508 800 560 scripsit
827 511 1016 559 diligentia
1043 516 1080 549 et
1106 513 1180 549 stili
1207 513 1383 561 puritate,
1427 514 1477 549 ita
1504 516 1545 548 ut

295 586 427 634 “longe
455 587 502 623 ab
530 599 573 623 eo
600 587 721 623 absint
743 599 871 623 omnes
895 588 1025 633 ceteri,
1052 589 1131 635 pari
1155 600 1288 635 genere
1311 589 1477 633 delicias,
1504 592 1545 623 ut

294 663 405 710 “ipsis
429 663 638 709 videbatur,
661 664 870 701 facientes.'’
895 663 1089 709 V“Talem‚'’
1118 662 1189 710 ait,
1217 663 1361 700 “autem
1386 665 1545 701 inacces-

298 738 398 773 “sam
424 738 461 773 in
485 738 593 774 rebus
616 739 769 774 minime
795 739 896 786 puris
922 740 1139 786 puritatem,
1154 737 1493 775 emendatissimum
1508 744 1544 775 et

297 814 579 862 “politissimum
609 826 752 863 quoque
781 814 819 850 in
846 814 1004 851 naturali
1031 814 1210 862 elegantia
1239 815 1383 851 dicendi
1408 827 1542 862 genus,

299 889 405 926 “cum
421 889 695 937 incomparabili
710 890 962 926 inventionum
977 890 1182 926 vernilitate
1206 893 1242 926 et
1265 891 1545 927 translationum

299 966 563 1014 “proprietate,
589 964 688 1002 docti
714 966 801 1002 huie
827 966 993 1013 scriptori
1021 966 1169 1002 titulum
1198 967 1330 1002 dedit.”
1356 967 1414 1003 Ad
1436 979 1546 1014 quam

296 1041 506 1089 opinionem
528 1041 747 1077 firmandam
767 1042 941 1077 nonnulla
965 1042 1086 1077 attulit
1101 1042 1276 1089 exempla.
1293 1042 1406 1078 Vetus
1420 1043 1544 1078 laudat

297 1119 546 1165 epigramma,
581 1118 677 1165 quod
710 1118 763 1154 sic
789 1129 868 1154 sese
895 1117 1023 1153 habet:
1228 1104 1232 1109 ¹

473 1213 553 1242 “l-lic
571 1214 660 1248 jacet
683 1213 809 1249 exiguis
831 1213 992 1250 Dionysia
1012 1213 1128 1242 flebilis
1150 1214 1242 1242 annis

513 1275 700 1304 Extremum
722 1275 830 1312 tenui,
853 1283 936 1312 quae
957 1276 1039 1311 pede
1061 1276 1148 1311 rupit
1166 1276 1238 1304 iter.

473 1337 576 1374 cnjus
596 1338 629 1367 in
652 1339 768 1367 octava
789 1337 942 1367 Lascivis
965 1345 1097 1374 surgere
1119 1345 1224 1367 messe

520 1401 680 1436 Coeperat
701 1403 734 1430 et
755 1401 866 1430 dulces
889 1402 1011 1437 fingere
1033 1401 1213 1438 Nequitias.

474 1462 567 1499 Quod
590 1463 617 1492 si
640 1463 737 1499 longa
757 1464 833 1492 tuae
854 1463 1048 1492 mansissent
1069 1464 1215 1498 tempora
1237 1463 1323 1492 vitae

517 1525 644 1554 Doctior
665 1526 697 1554 in
719 1526 814 1555 terris
837 1526 926 1554 nulla
948 1526 1055 1561 puella
1076 1525 1190 1554 foret.''

353 1626 493 1662 Deinde
524 1626 645 1674 plures
686 1626 880 1671 adscribit,
921 1627 982 1673 qui
1019 1626 1115 1673 apud
1152 1626 1322 1661 Plautum
1359 1626 1548 1673 leguntur,

301 1702 418 1738 locos:
462 1701 583 1738 “docti
618 1701 799 1747 homines,
836 1701 965 1737 doctae
979 1700 1219 1751 fallaciae‚''
1248 1714 1332 1749 pro:
1366 1701 1550 1737 “homines

307 1777 469 1826 “dolon',
505 1777 656 1814 astuti?
695 1778 796 1821 Quae
820 1778 984 1825 exempla
1008 1777 1105 1813 nullo
1128 1777 1236 1813 modo
1251 1776 1425 1825 probant,
1453 1777 1550 1825 quod

304 1854 475 1903 Barthius
498 1854 651 1901 probare
675 1854 823 1889 studuit.
849 1853 892 1888 In
915 1853 1032 1900 puella
1058 1854 1201 1888 octenni
1222 1864 1296 1888 non
1318 1853 1551 1899 cogitandum

303 1941 385 1966 esse
409 1929 454 1965 de
487 1928 754 1974 obscoenitate,
778 1929 808 1964 si
841 1929 886 1964 de
919 1929 1082 1975 nequitia
1117 1931 1154 1964 et
1181 1928 1226 1963 de
1259 1928 1405 1964 lascivia
1434 1939 1553 1976 sermo

303 2005 370 2048 sit,
426 2005 678 2051 unusquisque
726 2004 822 2039 ultro
868 2004 1049 2050 intelligit.
1088 2004 1134 2038 Et
1180 2004 1371 2039 Forcellini
1412 2004 1553 2039 lexicon

305 2080 329 2115 i.
372 2092 403 2115 v.
453 2077 610 2115 lascivia
662 2079 868 2126 inspicienti
917 2079 1041 2114 statim
1091 2078 1278 2125 apparebit
1328 2089 1436 2126 saepe
1485 2079 1554 2114 hoc

310 2154 525 2190 vocabulum
559 2154 604 2189 de
639 2154 767 2199 rebus,
804 2154 843 2189 in
882 2153 1013 2200 quibus
1050 2154 1149 2189 nulla
1185 2155 1282 2190 inest
1309 2155 1554 2199 obscoenitas,

308 2241 329 2265 a
371 2229 503 2277 quibus
540 2229 647 2276 longe
683 2229 808 2265 Venus
840 2228 963 2274 abest,
1001 2230 1180 2277 usurpari.
1219 2229 1324 2271 Quod
1359 2229 1406 2264 ad
1435 2229 1553 2265 Plauti

310 2305 407 2341 locos
434 2305 583 2349 attinet,
622 2304 720 2340 idem
747 2304 889 2340 lexicon
916 2305 954 2339 in
982 2315 1070 2340 voce
1101 2303 1272 2340 “doetus”
1308 2305 1553 2352 inspiciamus.

311 2381 419 2418 Plura
455 2381 619 2429 exempla
660 2381 768 2417 allata
808 2384 913 2427 sunt,
954 2381 1051 2416 unde
1090 2383 1190 2428 patet
1231 2392 1338 2429 saepe
1384 2380 1554 2418 “doctus”

307 2458 531 2505 significare:
565 2456 767 2506 “prudem,
793 2455 976 2504 callidus,
1003 2458 1129 2494 catu?
1155 2458 1252 2505 quod
1266 2469 1340 2494 non
1354 2459 1556 2505 comparari

304 2537 426 2581 potest
462 2545 544 2569 cum
582 2544 624 2568 eo
662 2533 789 2579 sensu,
828 2545 899 2580 quo
936 2536 1060 2569 nostro
1098 2545 1299 2580 cognomen
1340 2533 1446 2571 docci'
1478 2535 1556 2570 dari
