1892 3007
852 245 902 281 37

247 370 678 416 “Sittenverderbnisses,
710 372 783 407 und
812 372 880 407 frei
908 382 978 407 von
1008 370 1340 407 aristocratischem
1371 370 1498 406 Zwan-

248 448 336 493 “ge”
356 449 379 482 ¹.
426 445 498 482 Sed
545 457 652 482 nemo
706 458 855 493 prorsus
900 449 1003 482 extra
1044 449 1187 493 tempus
1228 457 1336 482 suum
1378 446 1499 482 vivere

246 525 382 570 potest,
418 533 526 558 nemo
553 533 699 569 prorsus
727 522 938 569 aequalibus
977 533 1056 558 esse
1088 522 1283 558 dissimilis.
1314 522 1496 567 Catullus,

248 608 469 644 quamquam
506 597 621 632 multa
657 597 834 642 habehat,
885 608 978 644 quae
1020 597 1270 633 Romanorum
1296 598 1497 644 priscorum

247 671 453 707 referebant
476 671 674 723 imaginem
685 698 699 716 „
710 673 834 706 tamen
848 671 886 706 in
902 671 1027 707 multis
1052 672 1151 716 aliis,
1174 674 1216 706 ut
1225 671 1303 718 jam
1319 672 1497 716 diximus,

245 746 399 792 tempori
435 757 501 781 suo
529 746 656 790 caesit,
686 757 757 793 qua
785 757 826 781 re
854 757 929 781 non
960 746 1039 781 fleri
1067 747 1204 793 potuit,
1234 746 1322 793 quin
1353 747 1429 793 ipse
1458 747 1495 782 in

246 820 283 856 id
311 831 455 867 quoque
483 820 689 856 litterarum
717 832 831 868 genus
861 821 1109 866 incumberet,
1140 821 1236 868 quod
1261 824 1349 857 tunc
1374 821 1498 868 impri-

243 895 314 930 mis
338 895 509 940 florebat,
534 875 623 942 quin
647 895 716 930 sibi
746 906 828 931 eam
855 896 1059 931 doctrinam
1083 907 1292 943 comparare
1316 896 1497 940 studeret,

245 981 339 1016 quae
375 981 560 1005 summum
596 971 634 1005 in
671 974 778 1017 poeta
820 974 908 1007 tuno
943 970 1187 1018 judicabatur.

298 1044 345 1079 Et
372 1045 469 1091 quod
496 1044 660 1081 obtinere
687 1045 845 1092 studuit,
872 1045 1030 1081 obtinuit
1054 1058 1209 1093 quoque.
1235 1045 1376 1081 Laudes
1400 1044 1498 1082 docti

245 1119 375 1155 Catulli
398 1132 471 1156 non
491 1121 545 1156 ab
562 1132 636 1157 uno
664 1124 807 1157 tantum
831 1124 995 1157 veterum
1023 1122 1241 1168 scriptorum
1264 1121 1310 1156 ad
1334 1124 1497 1168 posteros

242 1194 382 1230 delatae
408 1198 507 1231 sunt.
540 1194 601 1231 Sic
615 1195 778 1231 Tibullus
806 1196 853 1231 ad
881 1208 910 1232 c.
941 1195 1055 1231 LXIV
1083 1196 1279 1242 respiciens
1295 1196 1440 1242 scripsit
1456 1197 1491 1231 ²:

458 1304 523 1333 “sic
543 1304 661 1334 cecinit
683 1312 739 1340 pro
761 1306 794 1334 te
815 1305 942 1341 doetus,
965 1304 1080 1341 Minoi,
1105 1305 1270 1341 Catullus,

519 1365 636 1403 ingrati
658 1366 801 1396 referens
820 1366 909 1403 inpia
930 1367 1015 1396 facta
1037 1366 1132 1396 viri.'‘

296 1451 356 1487 Sic
384 1451 533 1487 Ovidius
548 1455 583 1496 ³,
616 1452 677 1487 ubi
707 1452 838 1489 Tibulli
862 1456 1016 1488 mortem
1042 1452 1153 1488 flebili
1179 1453 1314 1499 elegia,
1339 1454 1396 1489 oui
1426 1454 1495 1489 “ah

247 1526 379 1562 “nimis
406 1538 451 1562 ex
474 1538 558 1562 vero
586 1539 684 1563 nuno
711 1539 845 1563 nomen
874 1528 950 1563 est”
980 1528 1200 1575 deploravit:

416 1636 558 1666 “Obvius
577 1636 653 1665 huic
675 1636 803 1673 venias,
824 1636 942 1665 hedera
958 1636 1118 1671 juvenilia
1138 1637 1263 1665 cinctus

456 1699 631 1736 Tempora,
654 1706 726 1728 cum
749 1699 868 1735 Calvo,
889 1699 976 1727 docte
1000 1699 1127 1728 Catulle
1150 1698 1238 1727 tuo.''

278 1875 283 1893 ¹
311 1872 498 1908 Paldamua,
520 1871 693 1901 Romischo
716 1871 843 1900 Erotik.
867 1879 896 1906 p.
918 1872 968 1899 29.

274 1936 285 1955 ‘-¹
307 1934 379 1963 Lib.
410 1934 483 1971 111,
511 1935 545 1971 6,
574 1935 620 1963 v‘s.
647 1934 696 1963 41.
723 1933 809 1962 Male
837 1932 1061 1963 Broukhusius
1083 1933 1124 1962 ad
1145 1933 1228 1963 huuc
1256 1933 1375 1963 Tibulli
1397 1934 1500 1964 locum

233 1998 327 2033 Prop.
352 1998 389 2026 ΙΙ
416 1997 503 2033 (ΙΙΙ)
531 1997 586 2034 34,
608 2004 654 2026 vs.
677 1997 716 2025 87
738 1996 785 2025 ita
802 1997 927 2025 mutare
949 1996 1069 2033 voluit,
1092 1997 1127 2025 ut
1148 1997 1358 2026 scriberetur:

416 2059 523 2088 “Haec
546 2058 642 2088 etiam
665 2057 751 2087 docti
772 2059 943 2087 cantarunt
966 2058 1087 2094 scripta
1108 2058 1228 2087 Catulli

454 2121 574 2150 Lesbia
596 2121 668 2158 quis
692 2120 762 2156 ipsa
783 2120 891 2149 notior
915 2121 966 2150 est
988 2120 1122 2150 Helena.

414 2184 502 2213 Haeo
524 2190 652 2221 quoque
675 2183 788 2212 lascivi
810 2183 959 2212 confessa
980 2184 1031 2212 est
1052 2182 1172 2218 pagina
1195 2182 1287 2211 calvi

454 2245 534 2276 Cum
557 2246 689 2275 caneret
711 2244 849 2275 miserae
871 2244 985 2274 funera
1009 2243 1237 2281 Quinctiliae.”

236 2308 373 2345 Calvus,
390 2307 422 2336 in
442 2307 640 2337 orationibus
655 2307 837 2336 Atticorum
847 2306 1008 2340 imitator,
1021 2306 1076 2343 qui
1087 2308 1256 2342 praeterea
1267 2307 1407 2335 carmina
1418 2315 1501 2336 eom-

231 2370 340 2407 posuit
361 2370 440 2400 satis
457 2370 553 2399 docta
568 2369 677 2399 hercle
698 2371 731 2399 et
751 2368 928 2406 laboriosa,
941 2369 1029 2398 certe
1040 2368 1220 2405 aequalium
1233 2368 1384 2405 opimone
1394 2391 1402 2403 ‚
1415 2369 1501 2398 docti

232 2440 348 2462 nomen
377 2440 440 2461 non
468 2432 618 2468 indignus
646 2432 716 2461 fuit.
748 2431 787 2461 cf.
821 2430 997 2460 Weichert.
1028 2430 1155 2467 Reliqq.
1184 2432 1269 2466 poet.
1294 2431 1367 2460 Lat.
1390 2439 1420 2467 p.
1443 2433 1498 2460 121

235 2496 300 2524 not.
324 2495 372 2524 27.

271 2559 284 2578 ³
305 2557 376 2586 Am.
402 2557 479 2594 III,
502 2558 521 2586 9
543 2565 589 2586 vs.
613 2558 661 2586 61.
