<?xml version="1.0" encoding="UTF-8"?>
<!DOCTYPE html PUBLIC "-//W3C//DTD XHTML 1.0 Transitional//EN"
    "http://www.w3.org/TR/xhtml1/DTD/xhtml1-transitional.dtd">
<html xmlns="http://www.w3.org/1999/xhtml" xml:lang="en" lang="en">
 <head>
  <title>
</title>
<meta http-equiv="Content-Type" content="text/html;charset=utf-8" />
  <meta name='ocr-system' content='tesseract 3.04.00' />
  <meta name='ocr-capabilities' content='ocr_page ocr_carea ocr_par ocr_line ocrx_word'/>
</head>
<body>
  <div class='ocr_page' id='page_1' title='image "./4738081_0061.png"; bbox 0 0 1892 3007; ppageno 0'>
   <div class='ocr_carea' id='block_1_1' title="bbox 957 237 1008 271">
    <p class='ocr_par' dir='ltr' id='par_1_1' title="bbox 957 237 1008 271">
     <span class='ocr_line' id='line_1_1' title="bbox 957 237 1008 271; baseline 0 0"><span class='ocrx_word' id='word_1_1' title='bbox 957 237 1008 271; x_wconf 78' lang='lat'>42</span> 
     </span>
    </p>
   </div>
   <div class='ocr_carea' id='block_1_2' title="bbox 349 362 1612 787">
    <p class='ocr_par' dir='ltr' id='par_1_2' title="bbox 349 362 1612 787">
     <span class='ocr_line' id='line_1_2' title="bbox 355 362 1609 408; baseline 0.002 -11"><span class='ocrx_word' id='word_1_2' title='bbox 355 362 519 398; x_wconf 88' lang='lat' dir='ltr'>elocutus</span> <span class='ocrx_word' id='word_1_3' title='bbox 542 364 601 398; x_wconf 86' lang='lat' dir='ltr'>sit.</span> <span class='ocrx_word' id='word_1_4' title='bbox 627 362 750 399; x_wconf 81' lang='lat' dir='ltr'><strong>Sensit</strong></span> <span class='ocrx_word' id='word_1_5' title='bbox 771 374 934 399; x_wconf 83' lang='lat' dir='ltr'>amorem</span> <span class='ocrx_word' id='word_1_6' title='bbox 959 363 1132 408; x_wconf 85' lang='lat' dir='ltr'>Lesbiae,</span> <span class='ocrx_word' id='word_1_7' title='bbox 1155 363 1269 399; x_wconf 85' lang='lat' dir='ltr'>sensit</span> <span class='ocrx_word' id='word_1_8' title='bbox 1292 363 1416 399; x_wconf 83' lang='lat' dir='ltr'>odium</span> <span class='ocrx_word' id='word_1_9' title='bbox 1445 363 1609 399; x_wconf 78' lang='lat' dir='ltr'>Caesaris</span> 
     </span>
     <span class='ocr_line' id='line_1_3' title="bbox 349 437 1610 486; baseline 0 -12"><span class='ocrx_word' id='word_1_10' title='bbox 349 448 568 485; x_wconf 87' lang='lat' dir='ltr'>eorumque,</span> <span class='ocrx_word' id='word_1_11' title='bbox 593 450 656 486; x_wconf 89' lang='lat' dir='ltr'>qm</span> <span class='ocrx_word' id='word_1_12' title='bbox 671 450 753 475; x_wconf 89' lang='lat' dir='ltr'>cum</span> <span class='ocrx_word' id='word_1_13' title='bbox 768 449 811 475; x_wconf 90' lang='lat' dir='ltr'>eo</span> <span class='ocrx_word' id='word_1_14' title='bbox 835 438 1057 486; x_wconf 82' lang='lat' dir='ltr'>reipublicae</span> <span class='ocrx_word' id='word_1_15' title='bbox 1078 438 1267 474; x_wconf 84' lang='lat' dir='ltr'>Romanae</span> <span class='ocrx_word' id='word_1_16' title='bbox 1287 437 1493 474; x_wconf 88' lang='lat' dir='ltr'>libertatem</span> <span class='ocrx_word' id='word_1_17' title='bbox 1507 447 1610 475; x_wconf 73' lang='lat' dir='ltr'>ever-</span> 
     </span>
     <span class='ocr_line' id='line_1_4' title="bbox 353 507 1609 561; baseline 0 -12"><span class='ocrx_word' id='word_1_18' title='bbox 353 517 483 549; x_wconf 86' lang='lat' dir='ltr'>terent.</span> <span class='ocrx_word' id='word_1_19' title='bbox 524 514 595 549; x_wconf 87' lang='lat' dir='ltr'>Ubi</span> <span class='ocrx_word' id='word_1_20' title='bbox 632 513 773 549; x_wconf 83' lang='lat' dir='ltr'>Acmen</span> <span class='ocrx_word' id='word_1_21' title='bbox 802 513 898 550; x_wconf 90' lang='lat' dir='ltr'>dulci</span> <span class='ocrx_word' id='word_1_22' title='bbox 926 525 1051 550; x_wconf 86' lang='lat' dir='ltr'>amore</span> <span class='ocrx_word' id='word_1_23' title='bbox 1080 513 1257 561; x_wconf 89' lang='lat' dir='ltr'>Septimio</span> <span class='ocrx_word' id='word_1_24' title='bbox 1284 525 1350 550; x_wconf 86' lang='lat' dir='ltr'>suo</span> <span class='ocrx_word' id='word_1_25' title='bbox 1377 507 1609 560; x_wconf 85' lang='lat' dir='ltr'>conjunctam</span> 
     </span>
     <span class='ocr_line' id='line_1_5' title="bbox 362 588 1610 637; baseline 0 -13"><span class='ocrx_word' id='word_1_26' title='bbox 362 589 545 636; x_wconf 83' lang='lat' dir='ltr'>depingit,</span> <span class='ocrx_word' id='word_1_27' title='bbox 560 589 623 625; x_wconf 87' lang='lat' dir='ltr'>ubi</span> <span class='ocrx_word' id='word_1_28' title='bbox 647 590 804 637; x_wconf 86' lang='lat' dir='ltr'>passeris</span> <span class='ocrx_word' id='word_1_29' title='bbox 814 617 824 634; x_wconf 95' lang='lat'>,</span> <span class='ocrx_word' id='word_1_30' title='bbox 840 601 949 637; x_wconf 87' lang='lat' dir='ltr'>quem</span> <span class='ocrx_word' id='word_1_31' title='bbox 973 589 1150 625; x_wconf 80' lang='lat' dir='ltr'>dilexerat</span> <span class='ocrx_word' id='word_1_32' title='bbox 1165 590 1287 625; x_wconf 84' lang='lat' dir='ltr'>amata</span> <span class='ocrx_word' id='word_1_33' title='bbox 1300 588 1437 636; x_wconf 89' lang='lat' dir='ltr'>puella,</span> <span class='ocrx_word' id='word_1_34' title='bbox 1452 591 1610 624; x_wconf 88' lang='lat' dir='ltr'>mortem</span> 
     </span>
     <span class='ocr_line' id='line_1_6' title="bbox 357 662 1611 711; baseline 0 -12"><span class='ocrx_word' id='word_1_35' title='bbox 357 664 541 711; x_wconf 81' lang='lat' dir='ltr'>deplorat,</span> <span class='ocrx_word' id='word_1_36' title='bbox 554 664 619 700; x_wconf 88' lang='lat' dir='ltr'>uhi</span> <span class='ocrx_word' id='word_1_37' title='bbox 642 663 793 701; x_wconf 83' lang='lat' dir='ltr'>Calvum</span> <span class='ocrx_word' id='word_1_38' title='bbox 817 665 863 701; x_wconf 89' lang='lat' dir='ltr'>de</span> <span class='ocrx_word' id='word_1_39' title='bbox 885 666 1082 701; x_wconf 87' lang='lat' dir='ltr'>immaturo</span> <span class='ocrx_word' id='word_1_40' title='bbox 1105 663 1259 700; x_wconf 85' lang='lat' dir='ltr'>dilectae</span> <span class='ocrx_word' id='word_1_41' title='bbox 1278 663 1496 706; x_wconf 84' lang='lat' dir='ltr'>Quinctiliae</span> <span class='ocrx_word' id='word_1_42' title='bbox 1510 662 1611 700; x_wconf 85' lang='lat' dir='ltr'>obitu</span> 
     </span>
     <span class='ocr_line' id='line_1_7' title="bbox 361 738 1612 787; baseline -0.001 -12"><span class='ocrx_word' id='word_1_43' title='bbox 361 740 588 786; x_wconf 86' lang='lat' dir='ltr'>consolatur,</span> <span class='ocrx_word' id='word_1_44' title='bbox 625 740 689 777; x_wconf 84' lang='lat' dir='ltr'>ubi</span> <span class='ocrx_word' id='word_1_45' title='bbox 732 741 867 777; x_wconf 83' lang='lat' dir='ltr'>Manlio</span> <span class='ocrx_word' id='word_1_46' title='bbox 909 740 1027 777; x_wconf 89' lang='lat' dir='ltr'>amico</span> <span class='ocrx_word' id='word_1_47' title='bbox 1077 740 1311 787; x_wconf 85' lang='lat' dir='ltr'>deprecatur,</span> <span class='ocrx_word' id='word_1_48' title='bbox 1355 741 1398 775; x_wconf 88' lang='lat' dir='ltr'>ut</span> <span class='ocrx_word' id='word_1_49' title='bbox 1438 738 1524 775; x_wconf 80' lang='lat' dir='ltr'>felix</span> <span class='ocrx_word' id='word_1_50' title='bbox 1564 739 1612 775; x_wconf 88' lang='lat' dir='ltr'>sit</span> 
     </span>
    </p>
   </div>
   <div class='ocr_carea' id='block_1_3' title="bbox 356 814 1547 862">
    <p class='ocr_par' dir='ltr' id='par_1_3' title="bbox 356 814 1547 862">
     <span class='ocr_line' id='line_1_8' title="bbox 356 814 1547 862; baseline 0 -12"><span class='ocrx_word' id='word_1_51' title='bbox 356 814 511 862; x_wconf 82' lang='lat' dir='ltr'>conjuge</span> <span class='ocrx_word' id='word_1_52' title='bbox 540 815 638 851; x_wconf 83' lang='lat' dir='ltr'>fideli</span> <span class='ocrx_word' id='word_1_53' title='bbox 667 819 704 852; x_wconf 91' lang='lat' dir='ltr'>et</span> <span class='ocrx_word' id='word_1_54' title='bbox 732 816 825 851; x_wconf 87' lang='lat' dir='ltr'>caris</span> <span class='ocrx_word' id='word_1_55' title='bbox 853 815 997 860; x_wconf 88' lang='lat' dir='ltr'>liberis,</span> <span class='ocrx_word' id='word_1_56' title='bbox 1027 814 1245 851; x_wconf 80' lang='lat' dir='ltr'>dulcissimis</span> <span class='ocrx_word' id='word_1_57' title='bbox 1267 814 1338 851; x_wconf 87' lang='lat' dir='ltr'>illis</span> <span class='ocrx_word' id='word_1_58' title='bbox 1367 814 1547 850; x_wconf 82' lang='lat' dir='ltr'>versibus:</span> 
     </span>
    </p>
   </div>
   <div class='ocr_carea' id='block_1_4' title="bbox 695 918 1194 1197">
    <p class='ocr_par' dir='ltr' id='par_1_4' title="bbox 695 918 1194 1197">
     <span class='ocr_line' id='line_1_9' title="bbox 696 918 1174 954; baseline 0 -8"><span class='ocrx_word' id='word_1_59' title='bbox 696 918 902 954; x_wconf 82' lang='lat' dir='ltr'>“Torquatus</span> <span class='ocrx_word' id='word_1_60' title='bbox 924 918 998 946; x_wconf 87' lang='lat' dir='ltr'>volo</span> <span class='ocrx_word' id='word_1_61' title='bbox 1020 918 1174 954; x_wconf 80' lang='lat' dir='ltr'>parvulus</span> 
     </span>
     <span class='ocr_line' id='line_1_10' title="bbox 696 979 1115 1015; baseline 0 -7"><span class='ocrx_word' id='word_1_62' title='bbox 696 979 829 1008; x_wconf 81' lang='lat' dir='ltr'>“Matris</span> <span class='ocrx_word' id='word_1_63' title='bbox 851 986 869 1009; x_wconf 89' lang='lat' dir='ltr'>e</span> <span class='ocrx_word' id='word_1_64' title='bbox 891 979 1014 1015; x_wconf 81' lang='lat' dir='ltr'>gremio</span> <span class='ocrx_word' id='word_1_65' title='bbox 1038 986 1115 1009; x_wconf 86' lang='lat' dir='ltr'>suae</span> 
     </span>
     <span class='ocr_line' id='line_1_11' title="bbox 695 1042 1194 1080; baseline -0.002 -8"><span class='ocrx_word' id='word_1_66' title='bbox 695 1042 891 1078; x_wconf 70' lang='lat' dir='ltr'>“Por-rigens</span> <span class='ocrx_word' id='word_1_67' title='bbox 913 1043 1044 1071; x_wconf 84' lang='lat' dir='ltr'>teneras</span> <span class='ocrx_word' id='word_1_68' title='bbox 1064 1049 1194 1080; x_wconf 79' lang='lat' dir='ltr'>manus,</span> 
     </span>
     <span class='ocr_line' id='line_1_12' title="bbox 704 1104 1164 1140; baseline -0.002 -6"><span class='ocrx_word' id='word_1_69' title='bbox 704 1104 829 1134; x_wconf 83' lang='lat' dir='ltr'>“Dulce</span> <span class='ocrx_word' id='word_1_70' title='bbox 848 1104 955 1134; x_wconf 84' lang='lat' dir='ltr'>rideat</span> <span class='ocrx_word' id='word_1_71' title='bbox 976 1104 1017 1134; x_wconf 79' lang='lat' dir='ltr'>ad</span> <span class='ocrx_word' id='word_1_72' title='bbox 1040 1105 1164 1140; x_wconf 80' lang='lat' dir='ltr'>patrem</span> 
     </span>
     <span class='ocr_line' id='line_1_13' title="bbox 697 1166 1088 1197; baseline 0 -1"><span class='ocrx_word' id='word_1_73' title='bbox 697 1166 917 1197; x_wconf 75' lang='lat' dir='ltr'>“semihiante</span> <span class='ocrx_word' id='word_1_74' title='bbox 939 1166 1088 1196; x_wconf 80' lang='lat' dir='ltr'>labello.&#39;&#39;</span> 
     </span>
    </p>
   </div>
   <div class='ocr_carea' id='block_1_5' title="bbox 351 1266 1614 1996">
    <p class='ocr_par' dir='ltr' id='par_1_5' title="bbox 351 1266 1614 1844">
     <span class='ocr_line' id='line_1_14' title="bbox 352 1266 1613 1322; baseline 0 -19"><span class='ocrx_word' id='word_1_75' title='bbox 352 1268 390 1302; x_wconf 91' lang='lat' dir='ltr'>in</span> <span class='ocrx_word' id='word_1_76' title='bbox 422 1268 480 1303; x_wconf 89' lang='lat' dir='ltr'>his</span> <span class='ocrx_word' id='word_1_77' title='bbox 519 1267 689 1303; x_wconf 88' lang='lat' dir='ltr'>omnibus</span> <span class='ocrx_word' id='word_1_78' title='bbox 727 1266 891 1322; x_wconf 74' lang='lat' dir='ltr'>Catullus</span> <span class='ocrx_word' id='word_1_79' title='bbox 927 1268 1004 1315; x_wconf 90' lang='lat' dir='ltr'>ipse</span> <span class='ocrx_word' id='word_1_80' title='bbox 1040 1267 1175 1313; x_wconf 90' lang='lat' dir='ltr'>sensit,</span> <span class='ocrx_word' id='word_1_81' title='bbox 1214 1277 1308 1315; x_wconf 86' lang='lat' dir='ltr'>quae</span> <span class='ocrx_word' id='word_1_82' title='bbox 1346 1267 1507 1314; x_wconf 83' lang='lat' dir='ltr'>scripsit,</span> <span class='ocrx_word' id='word_1_83' title='bbox 1538 1278 1613 1303; x_wconf 91' lang='lat' dir='ltr'>non</span> 
     </span>
     <span class='ocr_line' id='line_1_15' title="bbox 360 1342 1614 1390; baseline 0 -12"><span class='ocrx_word' id='word_1_84' title='bbox 360 1343 520 1388; x_wconf 87' lang='lat' dir='ltr'>studuit,</span> <span class='ocrx_word' id='word_1_85' title='bbox 543 1347 584 1378; x_wconf 91' lang='lat' dir='ltr'>ut</span> <span class='ocrx_word' id='word_1_86' title='bbox 615 1343 735 1379; x_wconf 90' lang='lat' dir='ltr'>aliena</span> <span class='ocrx_word' id='word_1_87' title='bbox 762 1342 831 1378; x_wconf 89' lang='lat' dir='ltr'>sibi</span> <span class='ocrx_word' id='word_1_88' title='bbox 854 1343 1000 1390; x_wconf 87' lang='lat' dir='ltr'>propria</span> <span class='ocrx_word' id='word_1_89' title='bbox 1022 1343 1201 1379; x_wconf 87' lang='lat' dir='ltr'>redderet.</span> <span class='ocrx_word' id='word_1_90' title='bbox 1217 1343 1300 1379; x_wconf 91' lang='lat' dir='ltr'>Non</span> <span class='ocrx_word' id='word_1_91' title='bbox 1329 1343 1492 1379; x_wconf 87' lang='lat' dir='ltr'>carmina</span> <span class='ocrx_word' id='word_1_92' title='bbox 1515 1354 1614 1378; x_wconf 89' lang='lat' dir='ltr'>com-</span> 
     </span>
     <span class='ocr_line' id='line_1_16' title="bbox 351 1418 1605 1465; baseline 0.001 -12"><span class='ocrx_word' id='word_1_93' title='bbox 351 1419 494 1465; x_wconf 89' lang='lat' dir='ltr'>posuit,</span> <span class='ocrx_word' id='word_1_94' title='bbox 524 1418 594 1454; x_wconf 91' lang='lat' dir='ltr'>nisi</span> <span class='ocrx_word' id='word_1_95' title='bbox 622 1421 777 1465; x_wconf 85' lang='lat' dir='ltr'>urgente</span> <span class='ocrx_word' id='word_1_96' title='bbox 804 1419 928 1454; x_wconf 89' lang='lat' dir='ltr'>animo</span> <span class='ocrx_word' id='word_1_97' title='bbox 957 1421 993 1454; x_wconf 90' lang='lat' dir='ltr'>et</span> <span class='ocrx_word' id='word_1_98' title='bbox 1020 1418 1141 1454; x_wconf 88' lang='lat' dir='ltr'>oblata</span> <span class='ocrx_word' id='word_1_99' title='bbox 1169 1419 1368 1455; x_wconf 83' lang='lat' dir='ltr'>occasione.</span> <span class='ocrx_word' id='word_1_100' title='bbox 1399 1418 1479 1454; x_wconf 90' lang='lat' dir='ltr'>Hoc</span> <span class='ocrx_word' id='word_1_101' title='bbox 1507 1419 1605 1454; x_wconf 90' lang='lat' dir='ltr'>enim</span> 
     </span>
     <span class='ocr_line' id='line_1_17' title="bbox 352 1493 1612 1542; baseline 0.001 -13"><span class='ocrx_word' id='word_1_102' title='bbox 352 1505 496 1541; x_wconf 88' lang='lat' dir='ltr'>quoque</span> <span class='ocrx_word' id='word_1_103' title='bbox 520 1494 815 1542; x_wconf 87' lang='lat' dir='ltr'>perspiciendum</span> <span class='ocrx_word' id='word_1_104' title='bbox 840 1497 877 1530; x_wconf 91' lang='lat' dir='ltr'>et</span> <span class='ocrx_word' id='word_1_105' title='bbox 898 1493 1010 1542; x_wconf 88' lang='lat' dir='ltr'>probe</span> <span class='ocrx_word' id='word_1_106' title='bbox 1034 1494 1254 1539; x_wconf 89' lang='lat' dir='ltr'>tenendum,</span> <span class='ocrx_word' id='word_1_107' title='bbox 1278 1493 1420 1530; x_wconf 89' lang='lat' dir='ltr'>nullum</span> <span class='ocrx_word' id='word_1_108' title='bbox 1443 1494 1518 1530; x_wconf 82' lang='lat' dir='ltr'>sere</span> <span class='ocrx_word' id='word_1_109' title='bbox 1534 1505 1612 1530; x_wconf 64' lang='lat' dir='ltr'>esse</span> 
     </span>
     <span class='ocr_line' id='line_1_18' title="bbox 355 1569 1612 1618; baseline 0.002 -14"><span class='ocrx_word' id='word_1_110' title='bbox 355 1569 452 1605; x_wconf 90' lang='lat' dir='ltr'>inter</span> <span class='ocrx_word' id='word_1_111' title='bbox 467 1569 600 1605; x_wconf 85' lang='lat' dir='ltr'>Catulli</span> <span class='ocrx_word' id='word_1_112' title='bbox 616 1570 780 1605; x_wconf 87' lang='lat' dir='ltr'>carmina</span> <span class='ocrx_word' id='word_1_113' title='bbox 794 1570 938 1606; x_wconf 87' lang='lat' dir='ltr'>minora</span> <span class='ocrx_word' id='word_1_114' title='bbox 948 1598 957 1615; x_wconf 91' lang='lat'>‚</span> <span class='ocrx_word' id='word_1_115' title='bbox 974 1570 1071 1618; x_wconf 84' lang='lat' dir='ltr'>quod</span> <span class='ocrx_word' id='word_1_116' title='bbox 1085 1581 1159 1605; x_wconf 89' lang='lat' dir='ltr'>non</span> <span class='ocrx_word' id='word_1_117' title='bbox 1175 1572 1272 1606; x_wconf 86' lang='lat' dir='ltr'>certa</span> <span class='ocrx_word' id='word_1_118' title='bbox 1287 1570 1407 1607; x_wconf 88' lang='lat' dir='ltr'>oblata</span> <span class='ocrx_word' id='word_1_119' title='bbox 1423 1570 1612 1607; x_wconf 83' lang='lat' dir='ltr'>occasione</span> 
     </span>
     <span class='ocr_line' id='line_1_19' title="bbox 352 1645 1608 1693; baseline 0.001 -12"><span class='ocrx_word' id='word_1_120' title='bbox 352 1645 399 1681; x_wconf 87' lang='lat' dir='ltr'>ad</span> <span class='ocrx_word' id='word_1_121' title='bbox 428 1649 566 1681; x_wconf 84' lang='lat' dir='ltr'>certam</span> <span class='ocrx_word' id='word_1_122' title='bbox 596 1646 783 1692; x_wconf 84' lang='lat' dir='ltr'>quandam</span> <span class='ocrx_word' id='word_1_123' title='bbox 821 1656 1016 1692; x_wconf 83' lang='lat' dir='ltr'>personam</span> <span class='ocrx_word' id='word_1_124' title='bbox 1044 1646 1220 1693; x_wconf 90' lang='lat' dir='ltr'>scriptum</span> <span class='ocrx_word' id='word_1_125' title='bbox 1248 1646 1306 1682; x_wconf 90' lang='lat' dir='ltr'>sit.</span> <span class='ocrx_word' id='word_1_126' title='bbox 1336 1645 1399 1682; x_wconf 87' lang='lat' dir='ltr'>Sic</span> <span class='ocrx_word' id='word_1_127' title='bbox 1426 1646 1525 1682; x_wconf 89' lang='lat' dir='ltr'>enim</span> <span class='ocrx_word' id='word_1_128' title='bbox 1554 1647 1608 1681; x_wconf 80' lang='lat' dir='ltr'>fa-</span> 
     </span>
     <span class='ocr_line' id='line_1_20' title="bbox 355 1721 1611 1770; baseline 0 -13"><span class='ocrx_word' id='word_1_129' title='bbox 355 1721 458 1757; x_wconf 86' lang='lat' dir='ltr'>cilius</span> <span class='ocrx_word' id='word_1_130' title='bbox 486 1721 703 1768; x_wconf 83' lang='lat' dir='ltr'>intelligitur</span> <span class='ocrx_word' id='word_1_131' title='bbox 735 1724 881 1769; x_wconf 84' lang='lat' dir='ltr'>poetam</span> <span class='ocrx_word' id='word_1_132' title='bbox 911 1721 1074 1757; x_wconf 84' lang='lat' dir='ltr'>versibus</span> <span class='ocrx_word' id='word_1_133' title='bbox 1101 1722 1321 1769; x_wconf 87' lang='lat' dir='ltr'>expressisse</span> <span class='ocrx_word' id='word_1_134' title='bbox 1350 1722 1438 1770; x_wconf 89' lang='lat' dir='ltr'>quid</span> <span class='ocrx_word' id='word_1_135' title='bbox 1466 1733 1611 1770; x_wconf 89' lang='lat' dir='ltr'>quoque</span> 
     </span>
     <span class='ocr_line' id='line_1_21' title="bbox 358 1798 1612 1844; baseline 0.001 -12"><span class='ocrx_word' id='word_1_136' title='bbox 358 1800 525 1844; x_wconf 89' lang='lat' dir='ltr'>tempore</span> <span class='ocrx_word' id='word_1_137' title='bbox 549 1798 719 1842; x_wconf 88' lang='lat' dir='ltr'>sentiret,</span> <span class='ocrx_word' id='word_1_138' title='bbox 743 1809 812 1833; x_wconf 88' lang='lat' dir='ltr'>nec</span> <span class='ocrx_word' id='word_1_139' title='bbox 825 1798 939 1833; x_wconf 90' lang='lat' dir='ltr'>animi</span> <span class='ocrx_word' id='word_1_140' title='bbox 955 1798 1124 1833; x_wconf 78' lang='lat' dir='ltr'>affectum</span> <span class='ocrx_word' id='word_1_141' title='bbox 1139 1809 1159 1832; x_wconf 89' lang='lat' dir='ltr'>a</span> <span class='ocrx_word' id='word_1_142' title='bbox 1175 1809 1215 1833; x_wconf 89' lang='lat' dir='ltr'>se</span> <span class='ocrx_word' id='word_1_143' title='bbox 1228 1798 1388 1833; x_wconf 88' lang='lat' dir='ltr'>alienum</span> <span class='ocrx_word' id='word_1_144' title='bbox 1404 1798 1552 1833; x_wconf 86' lang='lat' dir='ltr'>finxisse</span> <span class='ocrx_word' id='word_1_145' title='bbox 1589 1800 1612 1834; x_wconf 76' lang='lat'>⁵.</span> 
     </span>
    </p>

    <p class='ocr_par' dir='ltr' id='par_1_6' title="bbox 352 1873 1612 1996">
     <span class='ocr_line' id='line_1_22' title="bbox 407 1873 1609 1920; baseline 0 -11"><span class='ocrx_word' id='word_1_146' title='bbox 407 1873 484 1909; x_wconf 90' lang='lat' dir='ltr'>Nec</span> <span class='ocrx_word' id='word_1_147' title='bbox 499 1873 621 1909; x_wconf 87' lang='lat' dir='ltr'>dulces</span> <span class='ocrx_word' id='word_1_148' title='bbox 637 1876 782 1909; x_wconf 85' lang='lat' dir='ltr'>tantum</span> <span class='ocrx_word' id='word_1_149' title='bbox 796 1874 876 1909; x_wconf 90' lang='lat' dir='ltr'>illos</span> <span class='ocrx_word' id='word_1_150' title='bbox 891 1874 1005 1909; x_wconf 85' lang='lat' dir='ltr'>animi</span> <span class='ocrx_word' id='word_1_151' title='bbox 1020 1874 1170 1909; x_wconf 82' lang='lat' dir='ltr'>affectus</span> <span class='ocrx_word' id='word_1_152' title='bbox 1184 1873 1406 1909; x_wconf 83' lang='lat' dir='ltr'>carminibus</span> <span class='ocrx_word' id='word_1_153' title='bbox 1421 1874 1609 1920; x_wconf 81' lang='lat' dir='ltr'>expressit,</span> 
     </span>
     <span class='ocr_line' id='line_1_23' title="bbox 352 1947 1612 1996; baseline 0 -12"><span class='ocrx_word' id='word_1_154' title='bbox 352 1959 426 1984; x_wconf 89' lang='lat' dir='ltr'>non</span> <span class='ocrx_word' id='word_1_155' title='bbox 471 1949 590 1984; x_wconf 89' lang='lat' dir='ltr'>solum</span> <span class='ocrx_word' id='word_1_156' title='bbox 637 1959 782 1984; x_wconf 88' lang='lat' dir='ltr'>amores</span> <span class='ocrx_word' id='word_1_157' title='bbox 830 1948 1083 1996; x_wconf 86' lang='lat' dir='ltr'>amicitiasque</span> <span class='ocrx_word' id='word_1_158' title='bbox 1125 1947 1320 1984; x_wconf 87' lang='lat' dir='ltr'>celebravit</span> <span class='ocrx_word' id='word_1_159' title='bbox 1335 1975 1345 1993; x_wconf 91' lang='lat'>,</span> <span class='ocrx_word' id='word_1_160' title='bbox 1383 1948 1447 1984; x_wconf 85' lang='lat' dir='ltr'>sed</span> <span class='ocrx_word' id='word_1_161' title='bbox 1490 1951 1612 1985; x_wconf 86' lang='lat' dir='ltr'>truces</span> 
     </span>
    </p>
   </div>
   <div class='ocr_carea' id='block_1_6' title="bbox 352 2023 1612 2071">
    <p class='ocr_par' dir='ltr' id='par_1_7' title="bbox 352 2023 1612 2071">
     <span class='ocr_line' id='line_1_24' title="bbox 352 2023 1612 2071; baseline 0 -12"><span class='ocrx_word' id='word_1_162' title='bbox 352 2035 500 2071; x_wconf 89' lang='lat' dir='ltr'>quoque</span> <span class='ocrx_word' id='word_1_163' title='bbox 549 2024 707 2060; x_wconf 87' lang='lat' dir='ltr'>vibravit</span> <span class='ocrx_word' id='word_1_164' title='bbox 744 2023 886 2059; x_wconf 87' lang='lat' dir='ltr'>iambos</span> <span class='ocrx_word' id='word_1_165' title='bbox 931 2023 968 2058; x_wconf 90' lang='lat' dir='ltr'>in</span> <span class='ocrx_word' id='word_1_166' title='bbox 1008 2023 1194 2068; x_wconf 89' lang='lat' dir='ltr'>inimicos,</span> <span class='ocrx_word' id='word_1_167' title='bbox 1237 2024 1299 2071; x_wconf 90' lang='lat' dir='ltr'>qui</span> <span class='ocrx_word' id='word_1_168' title='bbox 1342 2027 1406 2060; x_wconf 88' lang='lat' dir='ltr'>aut</span> <span class='ocrx_word' id='word_1_169' title='bbox 1455 2024 1533 2071; x_wconf 91' lang='lat' dir='ltr'>ejus</span> <span class='ocrx_word' id='word_1_170' title='bbox 1573 2024 1612 2059; x_wconf 90' lang='lat' dir='ltr'>in</span> 
     </span>
    </p>
   </div>
   <div class='ocr_carea' id='block_1_7' title="bbox 328 2124 505 2128">
    <p class='ocr_par' dir='ltr' id='par_1_8' title="bbox 328 2124 505 2128">
     <span class='ocr_line' id='line_1_25' title="bbox 328 2124 505 2128; baseline 0 0"><span class='ocrx_word' id='word_1_171' title='bbox 328 2124 505 2128; x_wconf 95' lang='lat' dir='ltr'> </span> 
     </span>
    </p>
   </div>
   <div class='ocr_carea' id='block_1_8' title="bbox 344 2179 1623 2591">
    <p class='ocr_par' dir='ltr' id='par_1_9' title="bbox 344 2179 1623 2591">
     <span class='ocr_line' id='line_1_26' title="bbox 387 2179 1622 2218; baseline -0.001 -9"><span class='ocrx_word' id='word_1_172' title='bbox 387 2183 394 2201; x_wconf 87' lang='lat'>¹</span> <span class='ocrx_word' id='word_1_173' title='bbox 420 2180 492 2209; x_wconf 87' lang='lat' dir='ltr'>Non</span> <span class='ocrx_word' id='word_1_174' title='bbox 518 2187 666 2218; x_wconf 84' lang='lat' dir='ltr'>possum,</span> <span class='ocrx_word' id='word_1_175' title='bbox 686 2180 762 2217; x_wconf 87' lang='lat' dir='ltr'>quin</span> <span class='ocrx_word' id='word_1_176' title='bbox 775 2179 828 2209; x_wconf 87' lang='lat' dir='ltr'>hic</span> <span class='ocrx_word' id='word_1_177' title='bbox 845 2179 1024 2209; x_wconf 79' lang='lat' dir='ltr'>adscribam</span> <span class='ocrx_word' id='word_1_178' title='bbox 1035 2180 1185 2209; x_wconf 71' lang='lat' dir='ltr'>Pici-soni</span> <span class='ocrx_word' id='word_1_179' title='bbox 1203 2180 1340 2209; x_wconf 78' lang='lat' dir='ltr'>notratis</span> <span class='ocrx_word' id='word_1_180' title='bbox 1351 2179 1451 2209; x_wconf 80' lang='lat' dir='ltr'>verba</span> <span class='ocrx_word' id='word_1_181' title='bbox 1461 2179 1500 2208; x_wconf 70' lang='lat' dir='ltr'>de</span> <span class='ocrx_word' id='word_1_182' title='bbox 1518 2180 1622 2217; x_wconf 82' lang='lat' dir='ltr'>lyrica</span> 
     </span>
     <span class='ocr_line' id='line_1_27' title="bbox 345 2242 1622 2281; baseline 0 -9"><span class='ocrx_word' id='word_1_183' title='bbox 345 2250 482 2279; x_wconf 80' lang='lat' dir='ltr'>poeseos</span> <span class='ocrx_word' id='word_1_184' title='bbox 504 2242 659 2279; x_wconf 80' lang='lat' dir='ltr'>peculiari</span> <span class='ocrx_word' id='word_1_185' title='bbox 679 2242 804 2281; x_wconf 77' lang='lat' dir='ltr'>indole,</span> <span class='ocrx_word' id='word_1_186' title='bbox 827 2250 910 2281; x_wconf 81' lang='lat' dir='ltr'>quae</span> <span class='ocrx_word' id='word_1_187' title='bbox 933 2243 1055 2279; x_wconf 80' lang='lat' dir='ltr'>opti-me</span> <span class='ocrx_word' id='word_1_188' title='bbox 1076 2243 1109 2272; x_wconf 87' lang='lat' dir='ltr'>in</span> <span class='ocrx_word' id='word_1_189' title='bbox 1130 2242 1314 2272; x_wconf 76' lang='lat' dir='ltr'>Catulliana</span> <span class='ocrx_word' id='word_1_190' title='bbox 1332 2250 1461 2280; x_wconf 76' lang='lat' dir='ltr'>quoque</span> <span class='ocrx_word' id='word_1_191' title='bbox 1480 2243 1622 2272; x_wconf 71' lang='lat' dir='ltr'>carmine</span> 
     </span>
     <span class='ocr_line' id='line_1_28' title="bbox 346 2305 1620 2343; baseline 0 -9"><span class='ocrx_word' id='word_1_192' title='bbox 346 2306 523 2342; x_wconf 85' lang='lat' dir='ltr'>quadrant:</span> <span class='ocrx_word' id='word_1_193' title='bbox 548 2305 614 2334; x_wconf 84' lang='lat' dir='ltr'>“Er</span> <span class='ocrx_word' id='word_1_194' title='bbox 637 2307 700 2342; x_wconf 70' lang='lat' dir='ltr'>sun</span> <span class='ocrx_word' id='word_1_195' title='bbox 719 2306 806 2335; x_wconf 83' lang='lat' dir='ltr'>twee</span> <span class='ocrx_word' id='word_1_196' title='bbox 833 2307 962 2335; x_wconf 85' lang='lat' dir='ltr'>soorten</span> <span class='ocrx_word' id='word_1_197' title='bbox 985 2313 1047 2335; x_wconf 79' lang='lat' dir='ltr'>van</span> <span class='ocrx_word' id='word_1_198' title='bbox 1069 2306 1200 2343; x_wconf 86' lang='lat' dir='ltr'>poesie,</span> <span class='ocrx_word' id='word_1_199' title='bbox 1217 2306 1258 2334; x_wconf 89' lang='lat' dir='ltr'>de</span> <span class='ocrx_word' id='word_1_200' title='bbox 1280 2305 1494 2334; x_wconf 76' lang='lat' dir='ltr'>dramatische</span> <span class='ocrx_word' id='word_1_201' title='bbox 1517 2313 1557 2334; x_wconf 85' lang='lat' dir='ltr'>en</span> <span class='ocrx_word' id='word_1_202' title='bbox 1581 2306 1620 2334; x_wconf 88' lang='lat' dir='ltr'>de</span> 
     </span>
     <span class='ocr_line' id='line_1_29' title="bbox 344 2366 1622 2404; baseline 0 -8"><span class='ocrx_word' id='word_1_203' title='bbox 344 2367 558 2404; x_wconf 60' lang='lat' dir='ltr'>“lyr-isam...</span> <span class='ocrx_word' id='word_1_204' title='bbox 587 2367 637 2396; x_wconf 86' lang='lat' dir='ltr'>De</span> <span class='ocrx_word' id='word_1_205' title='bbox 655 2366 799 2404; x_wconf 86' lang='lat' dir='ltr'>lyrische</span> <span class='ocrx_word' id='word_1_206' title='bbox 821 2367 948 2396; x_wconf 88' lang='lat' dir='ltr'>dichter</span> <span class='ocrx_word' id='word_1_207' title='bbox 968 2367 1043 2396; x_wconf 86' lang='lat' dir='ltr'>toeh</span> <span class='ocrx_word' id='word_1_208' title='bbox 1066 2367 1158 2396; x_wconf 87' lang='lat' dir='ltr'>vindt</span> <span class='ocrx_word' id='word_1_209' title='bbox 1179 2368 1262 2403; x_wconf 76' lang='lat' dir='ltr'>zijne</span> <span class='ocrx_word' id='word_1_210' title='bbox 1285 2367 1414 2396; x_wconf 83' lang='lat' dir='ltr'>waarde</span> <span class='ocrx_word' id='word_1_211' title='bbox 1435 2367 1467 2396; x_wconf 85' lang='lat' dir='ltr'>in</span> <span class='ocrx_word' id='word_1_212' title='bbox 1493 2368 1533 2397; x_wconf 86' lang='lat' dir='ltr'>de</span> <span class='ocrx_word' id='word_1_213' title='bbox 1557 2368 1622 2396; x_wconf 89' lang='lat' dir='ltr'>vol—</span> 
     </span>
     <span class='ocr_line' id='line_1_30' title="bbox 349 2429 1623 2466; baseline 0.001 -8"><span class='ocrx_word' id='word_1_214' title='bbox 349 2429 496 2459; x_wconf 83' lang='lat' dir='ltr'>“strekte</span> <span class='ocrx_word' id='word_1_215' title='bbox 520 2429 757 2465; x_wconf 79' lang='lat' dir='ltr'>subjectiviteit</span> <span class='ocrx_word' id='word_1_216' title='bbox 780 2437 841 2458; x_wconf 81' lang='lat' dir='ltr'>van</span> <span class='ocrx_word' id='word_1_217' title='bbox 865 2430 947 2466; x_wconf 67' lang='lat' dir='ltr'>zone</span> <span class='ocrx_word' id='word_1_218' title='bbox 966 2430 1198 2466; x_wconf 75' lang='lat' dir='ltr'>opvattingen,</span> <span class='ocrx_word' id='word_1_219' title='bbox 1218 2430 1390 2459; x_wconf 84' lang='lat' dir='ltr'>oordeelen</span> <span class='ocrx_word' id='word_1_220' title='bbox 1410 2436 1451 2459; x_wconf 82' lang='lat' dir='ltr'>en</span> <span class='ocrx_word' id='word_1_221' title='bbox 1468 2429 1623 2459; x_wconf 79' lang='lat' dir='ltr'>beschou-</span> 
     </span>
     <span class='ocr_line' id='line_1_31' title="bbox 355 2491 1622 2530; baseline 0 -9"><span class='ocrx_word' id='word_1_222' title='bbox 355 2491 535 2529; x_wconf 83' lang='lat' dir='ltr'>“wingen.”</span> <span class='ocrx_word' id='word_1_223' title='bbox 564 2491 925 2528; x_wconf 69' lang='lat' dir='ltr'>(Wetenschappelnke</span> <span class='ocrx_word' id='word_1_224' title='bbox 945 2492 1083 2529; x_wconf 71' lang='lat' dir='ltr'>maden,</span> <span class='ocrx_word' id='word_1_225' title='bbox 1108 2493 1204 2530; x_wconf 75' lang='lat'>1861,</span> <span class='ocrx_word' id='word_1_226' title='bbox 1222 2500 1253 2528; x_wconf 83' lang='lat' dir='ltr'>p.</span> <span class='ocrx_word' id='word_1_227' title='bbox 1271 2493 1311 2522; x_wconf 81' lang='grc'>66</span> <span class='ocrx_word' id='word_1_228' title='bbox 1321 2491 1378 2521; x_wconf 87' lang='lat' dir='ltr'>der</span> <span class='ocrx_word' id='word_1_229' title='bbox 1390 2491 1622 2522; x_wconf 76' lang='lat' dir='ltr'>Boekaankon-</span> 
     </span>
     <span class='ocr_line' id='line_1_32' title="bbox 349 2555 530 2591; baseline -0.011 -7"><span class='ocrx_word' id='word_1_230' title='bbox 349 2555 530 2591; x_wconf 84' lang='lat' dir='ltr'>digingen.)</span> 
     </span>
    </p>
   </div>
  </div>
 </body>
</html>
