1892 3007
781 248 832 285 99

208 376 431 427 Propertius
466 378 565 413 enim
600 389 674 413 uno
701 378 779 413 loco
808 388 890 413 eam
917 378 1197 421 commemorat,
1225 375 1289 411 ubi
1313 375 1431 411 diver-

179 467 239 491 sos
271 455 481 502 aequalium
509 457 699 501 poetarum
728 454 912 501 componit
939 464 1082 489 amores
1100 455 1131 487 ¹:

270 552 278 567 ’
315 564 412 595 “haec
435 571 564 602 quoque
578 563 730 600 >perfecto
753 563 884 594 ludebat
906 564 1028 593 Jasone
1052 563 1172 601 Varro,

358 627 484 656 “Varro
506 626 690 655 Leucadiae
711 627 850 655 maxima
871 626 997 655 flamma
1018 633 1114 662 suae3

318 688 415 718 “haec
437 696 566 726 quoque
588 688 702 718 lascivi
724 689 896 718 cantarunt
918 688 1038 725 scripta
1060 688 1200 727 Catulli,

358 752 491 781 “Lesbia
512 753 585 790 quis
607 753 678 789 ipsa
697 753 804 782 notior
827 754 878 782 est
901 753 1041 785 Helena;

316 815 414 868 “haee
437 816 534 845 etiam
555 815 642 845 docti
663 816 811 844 consessa
831 815 881 844 est
903 815 1022 869 pagina
1044 815 1155 852 Calvi,

357 878 457 908 “Cum
478 880 610 908 caneret
630 878 766 908 miserae
787 878 900 908 funera
921 878 1148 915 Quineti11ae.''

236 977 440 1015 Martialis
475 983 730 1027 praeterquam
764 980 907 1027 saepius
944 980 989 1015 de
1017 979 1168 1015 Lesbiae
1196 991 1359 1027 passere,
1389 983 1425 1015 et

186 1056 232 1091 de
248 1056 470 1092 carminibus
490 1056 596 1101 dicit,
621 1067 714 1102 quae
736 1056 775 1091 in
798 1066 883 1091 eum
905 1056 1106 1102 composuit
1130 1055 1292 1091 Catullus
1315 1057 1433 1104 ipsam

183 1131 350 1167 Lesbiam
380 1134 509 1178 quater
535 1131 718 1176 nominat,
747 1142 838 1178 quos
864 1131 960 1167 locos
988 1131 1034 1167 ad
1063 1131 1229 1166 ordinem
1254 1131 1430 1167 Martialis

181 1207 357 1242 librorum
385 1206 666 1242 recensebimus.

276 1335 334 1361 10.:
358 1333 501 1362 “Accidit
522 1333 685 1362 infandum
708 1335 837 1363 nostrae
860 1334 980 1371 scelus,
1003 1315 1102 1371 Aule,
1125 1333 1269 1369 puellae:

400 1396 536 1426 “Amisit
556 1395 646 1425 lusus
666 1396 863 1433 deliciasque
886 1403 981 1434 suas;

359 1459 449 1489 “Non
471 1459 583 1496 quales
604 1459 709 1488 teneri
729 1459 870 1495 ploravit
889 1459 994 1488 amica
1019 1459 1154 1497 Catulli,

400 1521 549 1559 “Lesbia,
570 1522 725 1558 nequitiis
745 1522 886 1558 passeris
908 1522 986 1551 orba
1007 1522 1055 1551 sui
1071 1522 1114 1551 Ψ.

280 1599 323 1627 20.
367 1598 530 1636 “Cynthia
550 1600 584 1628 te
605 1601 711 1628 vatem
733 1599 826 1636 fecit,
847 1599 969 1629 lascive
991 1600 1163 1637 Properti,

402 1661 591 1697 “Ingenium
614 1660 698 1690 Galli
720 1661 854 1697 pulchra
875 1662 1015 1698 Lycoris
1037 1663 1116 1690 erat.

359 1723 479 1753 “Fama
501 1726 550 1753 est
570 1724 678 1761 arguti
699 1724 847 1754 Nemesis
869 1724 1007 1754 formosa
1028 1725 1166 1764 Tibulli,

402 1787 537 1816 “Lesbia
558 1788 709 1826 dictavit,
732 1788 826 1818 docte
851 1788 990 1826 Catulle,
1011 1788 1093 1818 tibi'⁷
1116 1791 1139 1817 ³.

278 1866 323 1894 30.
368 1864 503 1893 “Lesbia
523 1873 595 1895 cum
616 1867 729 1895 tenero
751 1867 785 1895 te
808 1867 918 1902 posset
939 1873 1048 1895 amare
1073 1865 1198 1894 Catullo

400 1928 467 1957 “Te
490 1929 563 1964 post
583 1928 745 1958 Nasonem
765 1928 883 1957 blanda
905 1928 1045 1958 Corinna
1066 1928 1178 1965 seun'
1196 1931 1218 1957 ⁴.

278 2006 323 2033 4ο.
368 2005 422 2034 “Si
446 2005 505 2034 tibi
527 2006 603 2035 talis
625 2005 704 2043 erit,
726 2006 853 2042 qualem
874 2005 993 2034 dilecta
1018 2005 1140 2034 Catullo

400 2066 515 2096 Lesbia
534 2068 696 2106 plorabat,
717 2067 770 2097 liic
791 2067 937 2097 habitare
960 2067 1089 2104 potest”
1102 2071 1124 2097 ⁵.

237 2168 403 2216 Denique
429 2167 631 2205 Juvenalis
658 2170 709 2204 ita
737 2169 782 2204 de
809 2169 938 2204 Lesbia
967 2170 1132 2216 scripsit:

220 2341 229 2359 ¹
253 2339 350 2375 Prop.
373 2339 450 2375 111,
472 2339 527 2376 33,
549 2339 588 2368 85
611 2347 681 2376 sqq.

219 2403 231 2424 ²
253 2401 346 2431 Mart.
369 2402 430 2438 Ep.
455 2402 540 2440 VII,
564 2403 612 2431 14.

218 2466 230 2484 ²¹
252 2464 345 2492 Mart.
369 2465 429 2500 Ep.
452 2465 557 2501 VIII,
582 2465 630 2493 73.

216 2528 229 2547 ⁴
250 2526 345 2555 Mart.
368 2526 429 2563 Ep.
452 2526 539 2564 XII,
561 2527 601 2556 44
624 2534 670 2556 vs.
693 2526 723 2555 5.
745 2534 793 2564 sq.

217 2591 230 2610 ὅ
252 2590 345 2619 Mart.
368 2590 428 2625 Ep.
451 2590 550 2627 XIV,
574 2590 727 2627 77,quod
739 2590 1145 2626 epigrammainscribitur:
1174 2592 1295 2621 “Cavea
1306 2593 1446 2621 eborea.''

1373 2649 1411 2684 7.
