1892 3007
549 927 857 971 CAPUT
931 927 1400 974 QUINTUM.

782 1318 831 1342 DE
863 1317 1042 1343 CARMINE
1073 1317 1177 1343 LXVI.

408 1476 534 1519 Qualis
557 1477 666 1512 fuerit
691 1477 939 1513 Alexandrina
962 1477 1022 1513 illa
1044 1477 1183 1524 poesis,
1207 1476 1253 1512 de
1278 1477 1402 1523 quain
1418 1475 1603 1523 'superiore

354 1555 471 1600 capite
499 1554 659 1600 egimus,
687 1554 824 1600 optime
847 1553 1062 1599 intelligitur
1085 1564 1129 1588 ex
1154 1552 1324 1588 Carmine
1350 1552 1484 1597 LXVI,
1514 1553 1610 1599 quod

354 1630 430 1676 ipse
455 1628 617 1664 Catullus
640 1631 795 1665 testatur
819 1640 858 1665 se
882 1640 902 1664 e
927 1628 1148 1664 Callimacho
1177 1629 1214 1663 in
1229 1629 1387 1676 patrium
1402 1640 1609 1664 sermonem

354 1705 585 1740 convertisse.
616 1704 649 1739 A
678 1704 936 1739 vetustioribus
965 1705 1040 1739 fere
1068 1704 1236 1739 omnibus
1261 1705 1414 1739 summis
1442 1688 1609 1739 laudibus

354 1780 558 1824 extollitur,
597 1780 648 1814 ita
676 1782 799 1815 tamen
828 1782 868 1814 ut
897 1779 1043 1815 doleant
1071 1780 1222 1827 periisse
1251 1780 1363 1827 ipsius
1394 1780 1610 1815 Callimachi

354 1855 528 1901 elegiam,
557 1855 643 1901 quia
670 1856 738 1890 hac
761 1855 935 1902 temporis
964 1855 1171 1890 calamitate
1204 1855 1300 1890 “non
1330 1855 1611 1902 fieripossit‚ut

358 1930 520 1966 “Graeca
557 1942 641 1967 cum
680 1930 821 1966 Latinis
857 1942 1138 1978 componamus,
1183 1931 1420 1978 inspiciamus
1458 1943 1530 1967 non
1572 1932 1609 1967 in

358 2006 533 2053 “singulis
569 2007 677 2042 modo
716 2006 883 2051 vocibus,
921 2007 985 2042 sed
1018 2007 1056 2042 in
1097 1999 1224 2053 figuris
1252 2008 1364 2042 etiam
1392 2006 1610 2042 luminibus-

360 2082 453 2129 “que
480 2082 675 2126 orationis,
704 2082 742 2117 in
772 2083 848 2129 ipsa
875 2082 1018 2118 ratione
1045 2093 1284 2118 numerorum
1314 2093 1357 2118 ac
1385 2082 1542 2130 denique
1572 2083 1609 2118 in

357 2158 456 2193 “tota
493 2160 675 2192 structura
710 2157 909 2203 poematis,
952 2169 1062 2204 quam
1099 2161 1181 2204 apte
1219 2160 1255 2193 et
1291 2158 1451 2193 scienter
1479 2157 1607 2193 Graeci

357 2234 526 2280 “poetae,
564 2232 601 2267 in
638 2233 708 2267 hoc
744 2243 878 2279 genere
914 2233 1011 2268 inter
1038 2244 1122 2268 suos
1160 2233 1264 2268 facile
1301 2233 1431 2280 primi,
1461 2233 1536 2268 vim
1564 2244 1607 2269 ac

354 2309 536 2355 “leporem
561 2308 775 2343 Latinorum
801 2308 996 2343 Poetarum
1017 2308 1097 2344 sine
1111 2310 1358 2347 controversia
1372 2309 1608 2355 politissimus

359 2383 568 2419 “assecutus
604 2383 751 2418 fuisset”
771 2385 795 2417 ¹.
825 2383 872 2418 Et
901 2386 998 2419 certe
1026 2383 1223 2419 dolendum
1251 2387 1327 2428 est,
1360 2384 1494 2420 mirum
1522 2383 1611 2418 illud

391 2527 397 2544 ¹
422 2524 567 2552 Muretus
588 2523 628 2550 ad
651 2522 767 2551 Catull.
794 2522 925 2560 LXVI,
952 2525 976 2551 l.
