1892 3007
886 215 934 252 41

282 342 444 390 scripsit,
473 355 583 390 quam
625 354 671 378 ex
711 342 798 390 ipsis
835 342 1020 389 operibus,
1064 354 1157 390 quae
1199 354 1244 378 ex
1285 342 1431 378 officina
1473 342 1534 377 illa

284 416 530 453 Alexandrina
556 418 604 468 ad
638 421 801 454 nostram
837 419 995 453 aetatem
1030 420 1283 465 pervenerunt.
1327 417 1397 460 Qui
1434 417 1533 452 enim

283 492 419 540 optima
445 495 483 528 et
508 493 751 540 pulcherrima
778 496 1016 529 monumenta
1041 492 1264 528 Graecarum
1288 495 1325 528 et
1348 492 1532 527 Romana-

281 578 364 603 rum
387 567 591 603 litterarum
614 567 782 615 cognovit
801 570 839 604 et
860 567 1059 613 intellexit,
1073 568 1314 604 deliramenta
1338 570 1375 603 et
1396 579 1532 614 nugas,

281 654 437 690 quorum
474 642 804 681 Alexandrinorum
841 643 1005 679 carmina
1041 643 1148 690 plena
1174 646 1279 687 sunt,
1310 654 1382 677 non
1412 645 1532 689 potest

281 727 355 753 non
382 720 615 754 contemnere
647 720 670 752 ¹.

334 792 407 829 Sed
428 793 565 830 bonum
588 794 724 829 factum
738 821 748 838 ‚
778 793 874 841 quod
897 792 981 840 jure
1005 795 1128 829 nostro
1158 793 1377 829 contendere
1404 804 1529 840 possu-

279 879 380 913 mus,
418 879 491 903 non
519 868 591 903 tale
628 866 739 904 fuisse
776 867 908 904 Catulli
945 869 1154 915 ingenium,
1195 872 1237 904 ut
1264 880 1304 904 se
1345 868 1407 903 illa
1448 868 1531 904 doc-

279 943 376 977 trina
418 943 522 978 obrui
569 946 754 990 pateretur
803 946 840 978 et
896 944 947 979 ita
998 947 1166 979 naturam
1217 955 1301 979 vere
1351 944 1530 990 poeticam

277 1017 539 1064 pessumdaret.
578 1017 703 1053 Potius
739 1017 963 1065 temporibus
1001 1019 1070 1054 hoc
1105 1018 1339 1054 tribuendum
1377 1018 1529 1054 videtur.

278 1092 477 1128 Vei-issima
503 1096 615 1149 sunt,
626 1105 718 1140 quae
737 1093 836 1128 deea
851 1104 891 1128 re
911 1094 1055 1140 scripsit
1070 1094 1269 1140 Helhigius.
1290 1096 1303 1116 ²
1338 1094 1403 1129 “Ja
1432 1094 1525 1129 auch

283 1167 389 1212 “der‚
419 1167 577 1203 welcher
600 1167 637 1202 in
653 1168 731 1203 sich
754 1168 862 1203 einen
878 1167 999 1203 Fonds
1014 1180 1057 1203 zu
1072 1168 1420 1215 eigenthsunlicher,
1444 1180 1530 1215 poe-

282 1242 439 1278 “tischer
476 1242 692 1289 Gaetaltung
727 1243 847 1287 hatte,
886 1246 1025 1279 muszte
1061 1254 1130 1278 von
1155 1243 1275 1279 dieser
1302 1243 1526 1290 glanzenden

282 1318 561 1365 “Erscheinung
584 1318 660 1365 (die
688 1319 922 1366 fremdartige
946 1318 1273 1355 Alexandrinische
1297 1319 1442 1366 Poesie)
1465 1331 1528 1355 um

284 1392 347 1428 “so
373 1393 480 1428 mehr
507 1392 698 1439 geblendet
727 1393 894 1439 werden,
917 1393 957 1440 je
995 1394 1156 1440 weniger
1185 1405 1225 1428 er
1253 1393 1311 1428 bei
1341 1393 1406 1428 der
1434 1392 1526 1429 Sub-

280 1467 478 1513 “jectivitat
510 1468 631 1503 seiner
666 1468 846 1514 lyrischen
875 1468 1112 1515 Erzeugnisse
1141 1469 1207 1503 auf
1226 1468 1284 1503 die
1313 1469 1527 1514 allgemeine

281 1542 581 1589 “Anerkennung
604 1543 765 1582 rechnen
788 1543 946 1588 konnte,
970 1543 1108 1579 welche
1122 1543 1199 1579 ihm
1215 1543 1401 1579 entweder
1414 1543 1529 1579 durch

286 1619 499 1655 “satirische
514 1618 690 1654 Gedichte
718 1619 806 1654 oder
833 1619 1006 1654 zunachst
1034 1619 1148 1654 durch
1172 1619 1236 1655 das
1259 1618 1428 1655 Studium
1452 1619 1528 1654 und

280 1693 361 1729 “die
385 1692 641 1740 Nachbildung
668 1693 733 1729 der
759 1693 1017 1740 begsmstigten
1051 1692 1252 1739 objectiven
1285 1693 1525 1741 Kunstpoesie

206 1792 209 1795 ‹
278 1768 344 1804 “zu
375 1768 479 1809 Theil
507 1769 666 1804 wurde.”

327 1844 408 1891 Ipse
442 1843 603 1882 Catullus
631 1845 783 1880 fortasse
810 1845 908 1879 inter
944 1845 1113 1891 aequales
1140 1844 1338 1891 plurimum
1367 1844 1524 1880 celebra-

272 1922 331 1955 tus
365 1922 420 1955 est
459 1919 505 1955 oh
541 1919 647 1955 docta
684 1919 745 1954 illa
785 1920 967 1964 carmina,
1003 1931 1096 1967 quae
1129 1931 1173 1955 ex
1207 1920 1325 1955 alieno
1367 1920 1443 1956 solo
1485 1920 1522 1955 in

271 1995 427 2042 patriam
464 1995 661 2031 transferre
691 1998 892 2031 conaretur.
924 1995 1060 2031 Caussa
1088 1997 1234 2039 contra,
1265 2006 1358 2043 quae
1385 1995 1522 2039 effecit,

270 2073 312 2106 ut
338 2070 494 2117 propitia
517 2070 680 2106 Minerva
703 2073 832 2117 poetae
845 2070 1012 2117 precibus
1037 2074 1051 2092 ⁸
1076 2071 1245 2106 adnuerit
1268 2073 1305 2106 et
1328 2070 1407 2116 ejus
1421 2071 1522 2107 libel-

269 2145 345 2182 lum
381 2144 462 2193 plus
488 2156 563 2182 uno
596 2145 722 2182 fecerit
747 2156 908 2193 perenne
930 2145 1052 2182 seculo
1080 2145 1171 2181 haec
1197 2144 1288 2181 mihi
1316 2156 1395 2182 oese
1422 2144 1520 2181 vide-

270 2224 349 2265 tur,
387 2221 484 2268 quod
520 2222 557 2256 in
597 2221 779 2269 plerisque
807 2221 1048 2265 carminibus,
1072 2221 1204 2265 libere,
1233 2221 1320 2268 quid
1348 2221 1518 2264 sentiret,

304 2414 312 2432 ¹
338 2411 395 2440 eff.
419 2418 502 2449 quae
522 2411 563 2441 de
584 2418 624 2441 ca
645 2419 680 2442 re
700 2412 827 2443 monuit
849 2412 897 2442 Ol.
920 2412 1063 2442 Cobetus
1084 2412 1117 2441 in
1129 2413 1442 2450 Mnemosynex‚p.
1454 2414 1523 2442 391.

302 2475 314 2496 ²
335 2474 503 2505 Deutsche
523 2474 751 2513 Jahrbiicher,
772 2475 792 2504 l.
816 2475 837 2504 1.

302 2538 315 2557 ⁸
338 2535 387 2565 Cf.
409 2544 437 2565 c.
461 2538 488 2564 1.
