<?xml version="1.0" encoding="UTF-8"?>
<!DOCTYPE html PUBLIC "-//W3C//DTD XHTML 1.0 Transitional//EN"
    "http://www.w3.org/TR/xhtml1/DTD/xhtml1-transitional.dtd">
<html xmlns="http://www.w3.org/1999/xhtml" xml:lang="en" lang="en">
 <head>
  <title>
</title>
<meta http-equiv="Content-Type" content="text/html;charset=utf-8" />
  <meta name='ocr-system' content='tesseract 3.04.00' />
  <meta name='ocr-capabilities' content='ocr_page ocr_carea ocr_par ocr_line ocrx_word'/>
</head>
<body>
  <div class='ocr_page' id='page_1' title='image "./4738081_0053.png"; bbox 0 0 1892 3007; ppageno 0'>
   <div class='ocr_carea' id='block_1_1' title="bbox 983 259 1035 297">
    <p class='ocr_par' dir='ltr' id='par_1_1' title="bbox 983 259 1035 297">
     <span class='ocr_line' id='line_1_1' title="bbox 983 259 1035 297; baseline 0 0"><span class='ocrx_word' id='word_1_1' title='bbox 983 259 1035 297; x_wconf 77' lang='lat'><strong>34</strong></span> 
     </span>
    </p>
   </div>
   <div class='ocr_carea' id='block_1_2' title="bbox 380 385 1642 2322">
    <p class='ocr_par' dir='ltr' id='par_1_2' title="bbox 381 385 1639 661">
     <span class='ocr_line' id='line_1_2' title="bbox 381 385 1639 436; baseline -0.002 -12"><span class='ocrx_word' id='word_1_2' title='bbox 381 388 420 424; x_wconf 89' lang='lat' dir='ltr'><strong>in</strong></span> <span class='ocrx_word' id='word_1_3' title='bbox 448 399 588 424; x_wconf 89' lang='lat' dir='ltr'><strong>annum</strong></span> <span class='ocrx_word' id='word_1_4' title='bbox 615 389 653 424; x_wconf 89' lang='lat' dir='ltr'><strong>in</strong></span> <span class='ocrx_word' id='word_1_5' title='bbox 677 400 762 425; x_wconf 88' lang='lat' dir='ltr'><strong>arca</strong></span> <span class='ocrx_word' id='word_1_6' title='bbox 796 393 1025 436; x_wconf 87' lang='lat' dir='ltr'><strong>premeretur</strong></span> <span class='ocrx_word' id='word_1_7' title='bbox 1033 400 1043 433; x_wconf 84' lang='lat'>3</span> <span class='ocrx_word' id='word_1_8' title='bbox 1080 389 1133 424; x_wconf 86' lang='lat' dir='ltr'><strong>sic</strong></span> <span class='ocrx_word' id='word_1_9' title='bbox 1160 388 1237 435; x_wconf 88' lang='lat' dir='ltr'><strong>ipse</strong></span> <span class='ocrx_word' id='word_1_10' title='bbox 1266 387 1429 425; x_wconf 75' lang='lat' dir='ltr'><strong>Catullus</strong></span> <span class='ocrx_word' id='word_1_11' title='bbox 1462 385 1639 433; x_wconf 76' lang='lat' dir='ltr'><strong>tempori,</strong></span> 
     </span>
     <span class='ocr_line' id='line_1_3' title="bbox 386 462 1634 512; baseline -0.002 -12"><span class='ocrx_word' id='word_1_12' title='bbox 386 477 460 501; x_wconf 90' lang='lat' dir='ltr'><strong>non</strong></span> <span class='ocrx_word' id='word_1_13' title='bbox 488 465 715 510; x_wconf 81' lang='lat' dir='ltr'>necessitati,</span> <span class='ocrx_word' id='word_1_14' title='bbox 744 464 876 501; x_wconf 85' lang='lat' dir='ltr'><strong>cedens</strong></span> <span class='ocrx_word' id='word_1_15' title='bbox 895 465 1069 501; x_wconf 88' lang='lat' dir='ltr'><strong>nonnulla</strong></span> <span class='ocrx_word' id='word_1_16' title='bbox 1097 464 1300 512; x_wconf 79' lang='lat' dir='ltr'>composuit</span> <span class='ocrx_word' id='word_1_17' title='bbox 1327 462 1508 508; x_wconf 79' lang='lat' dir='ltr'><strong>camina,</strong></span> <span class='ocrx_word' id='word_1_18' title='bbox 1540 472 1634 510; x_wconf 82' lang='lat' dir='ltr'><strong>quae</strong></span> 
     </span>
     <span class='ocr_line' id='line_1_4' title="bbox 386 538 1636 587; baseline -0.003 -11"><span class='ocrx_word' id='word_1_19' title='bbox 386 551 461 576; x_wconf 90' lang='lat' dir='ltr'><strong>non</strong></span> <span class='ocrx_word' id='word_1_20' title='bbox 494 543 571 576; x_wconf 90' lang='lat' dir='ltr'><strong>tam</strong></span> <span class='ocrx_word' id='word_1_21' title='bbox 608 540 722 576; x_wconf 88' lang='lat' dir='ltr'><strong>animi</strong></span> <span class='ocrx_word' id='word_1_22' title='bbox 751 551 794 575; x_wconf 92' lang='lat' dir='ltr'><strong>ac</strong></span> <span class='ocrx_word' id='word_1_23' title='bbox 820 540 955 576; x_wconf 89' lang='lat' dir='ltr'><strong>mentis</strong></span> <span class='ocrx_word' id='word_1_24' title='bbox 982 540 1137 587; x_wconf 80' lang='lat' dir='ltr'><strong>vigoris,</strong></span> <span class='ocrx_word' id='word_1_25' title='bbox 1166 550 1278 586; x_wconf 90' lang='lat' dir='ltr'><strong>quam</strong></span> <span class='ocrx_word' id='word_1_26' title='bbox 1305 538 1536 574; x_wconf 84' lang='lat' dir='ltr'><strong>assiduorum</strong></span> <span class='ocrx_word' id='word_1_27' title='bbox 1559 540 1636 572; x_wconf 86' lang='lat' dir='ltr'><strong>stu·</strong></span> 
     </span>
     <span class='ocr_line' id='line_1_5' title="bbox 386 614 1635 661; baseline 0 -11"><span class='ocrx_word' id='word_1_28' title='bbox 386 616 530 651; x_wconf 87' lang='lat' dir='ltr'><strong>diorum</strong></span> <span class='ocrx_word' id='word_1_29' title='bbox 551 619 588 651; x_wconf 91' lang='lat' dir='ltr'><strong>et</strong></span> <span class='ocrx_word' id='word_1_30' title='bbox 608 627 765 661; x_wconf 83' lang='lat' dir='ltr'><strong>magnae</strong></span> <span class='ocrx_word' id='word_1_31' title='bbox 785 615 972 652; x_wconf 88' lang='lat' dir='ltr'><strong>doctrinae</strong></span> <span class='ocrx_word' id='word_1_32' title='bbox 992 616 1221 651; x_wconf 82' lang='lat' dir='ltr'><strong>uberrimum</strong></span> <span class='ocrx_word' id='word_1_33' title='bbox 1236 616 1357 651; x_wconf 86' lang='lat' dir='ltr'><strong>ferunt</strong></span> <span class='ocrx_word' id='word_1_34' title='bbox 1372 614 1635 661; x_wconf 83' lang='lat' dir='ltr'><strong>testimonium.</strong></span> 
     </span>
    </p>

    <p class='ocr_par' dir='ltr' id='par_1_3' title="bbox 380 689 1642 2322">
     <span class='ocr_line' id='line_1_6' title="bbox 441 689 1641 738; baseline -0.002 -12"><span class='ocrx_word' id='word_1_35' title='bbox 441 691 490 726; x_wconf 89' lang='lat' dir='ltr'><strong>At</strong></span> <span class='ocrx_word' id='word_1_36' title='bbox 527 702 601 727; x_wconf 89' lang='lat' dir='ltr'><strong>non</strong></span> <span class='ocrx_word' id='word_1_37' title='bbox 637 693 782 726; x_wconf 86' lang='lat' dir='ltr'><strong>tantum</strong></span> <span class='ocrx_word' id='word_1_38' title='bbox 818 691 857 726; x_wconf 92' lang='lat' dir='ltr'><strong>in</strong></span> <span class='ocrx_word' id='word_1_39' title='bbox 886 690 1063 738; x_wconf 86' lang='lat' dir='ltr'><strong>corruptis</strong></span> <span class='ocrx_word' id='word_1_40' title='bbox 1092 690 1255 726; x_wconf 87' lang='lat' dir='ltr'><strong>moribus</strong></span> <span class='ocrx_word' id='word_1_41' title='bbox 1283 690 1414 726; x_wconf 90' lang='lat' dir='ltr'><strong>harum</strong></span> <span class='ocrx_word' id='word_1_42' title='bbox 1443 690 1482 725; x_wconf 86' lang='lat' dir='ltr'><strong>in</strong></span> <span class='ocrx_word' id='word_1_43' title='bbox 1510 689 1641 724; x_wconf 85' lang='lat' dir='ltr'><strong>litteris</strong></span> 
     </span>
     <span class='ocr_line' id='line_1_7' title="bbox 387 764 1642 813; baseline -0.002 -12"><span class='ocrx_word' id='word_1_44' title='bbox 387 778 564 802; x_wconf 90' lang='lat' dir='ltr'><strong>novarum</strong></span> <span class='ocrx_word' id='word_1_45' title='bbox 583 778 707 801; x_wconf 86' lang='lat' dir='ltr'><strong>rerum</strong></span> <span class='ocrx_word' id='word_1_46' title='bbox 728 777 837 802; x_wconf 86' lang='lat' dir='ltr'><strong>causa</strong></span> <span class='ocrx_word' id='word_1_47' title='bbox 864 766 1074 813; x_wconf 88' lang='lat' dir='ltr'><strong>quaerenda</strong></span> <span class='ocrx_word' id='word_1_48' title='bbox 1097 766 1250 801; x_wconf 85' lang='lat' dir='ltr'><strong>videtur.</strong></span> <span class='ocrx_word' id='word_1_49' title='bbox 1275 766 1355 801; x_wconf 88' lang='lat' dir='ltr'><strong>Jam</strong></span> <span class='ocrx_word' id='word_1_50' title='bbox 1379 765 1467 801; x_wconf 87' lang='lat' dir='ltr'><strong>inde</strong></span> <span class='ocrx_word' id='word_1_51' title='bbox 1489 764 1535 800; x_wconf 92' lang='lat' dir='ltr'><strong>ab</strong></span> <span class='ocrx_word' id='word_1_52' title='bbox 1559 767 1642 800; x_wconf 88' lang='lat' dir='ltr'><strong>ortu</strong></span> 
     </span>
     <span class='ocr_line' id='line_1_8' title="bbox 388 839 1640 890; baseline -0.002 -12"><span class='ocrx_word' id='word_1_53' title='bbox 388 843 531 879; x_wconf 80' lang='lat' dir='ltr'><strong>litterae</strong></span> <span class='ocrx_word' id='word_1_54' title='bbox 547 842 700 877; x_wconf 83' lang='lat' dir='ltr'><strong>Latinae</strong></span> <span class='ocrx_word' id='word_1_55' title='bbox 732 842 1001 890; x_wconf 90' lang='lat' dir='ltr'><strong>quodammodo</strong></span> <span class='ocrx_word' id='word_1_56' title='bbox 1029 853 1050 877; x_wconf 88' lang='lat' dir='ltr'><strong>a</strong></span> <span class='ocrx_word' id='word_1_57' title='bbox 1076 841 1224 877; x_wconf 90' lang='lat' dir='ltr'><strong>Graecis</strong></span> <span class='ocrx_word' id='word_1_58' title='bbox 1251 839 1470 888; x_wconf 84' lang='lat' dir='ltr'><strong>pendebant.</strong></span> <span class='ocrx_word' id='word_1_59' title='bbox 1496 839 1591 876; x_wconf 90' lang='lat' dir='ltr'><strong>Nam</strong></span> <span class='ocrx_word' id='word_1_60' title='bbox 1609 840 1640 875; x_wconf 91' lang='lat' dir='ltr'><strong>si</strong></span> 
     </span>
     <span class='ocr_line' id='line_1_9' title="bbox 387 916 1640 964; baseline -0.002 -11"><span class='ocrx_word' id='word_1_61' title='bbox 387 930 449 953; x_wconf 85' lang='lat' dir='ltr'><strong>eos</strong></span> <span class='ocrx_word' id='word_1_62' title='bbox 462 918 620 964; x_wconf 86' lang='lat' dir='ltr'><strong>excipias</strong></span> <span class='ocrx_word' id='word_1_63' title='bbox 631 945 641 961; x_wconf 91' lang='lat'><strong>,</strong></span> <span class='ocrx_word' id='word_1_64' title='bbox 656 929 811 964; x_wconf 88' lang='lat' dir='ltr'><strong>quorum</strong></span> <span class='ocrx_word' id='word_1_65' title='bbox 836 919 999 953; x_wconf 88' lang='lat' dir='ltr'><strong>carmina</strong></span> <span class='ocrx_word' id='word_1_66' title='bbox 1021 918 1109 953; x_wconf 91' lang='lat' dir='ltr'><strong>olim</strong></span> <span class='ocrx_word' id='word_1_67' title='bbox 1123 917 1240 952; x_wconf 86' lang='lat' dir='ltr'><strong>Fauni</strong></span> <span class='ocrx_word' id='word_1_68' title='bbox 1256 920 1427 963; x_wconf 87' lang='lat' dir='ltr'><strong>vatesque</strong></span> <span class='ocrx_word' id='word_1_69' title='bbox 1442 916 1621 951; x_wconf 87' lang='lat' dir='ltr'><strong>canebant</strong></span> <span class='ocrx_word' id='word_1_70' title='bbox 1631 943 1640 959; x_wconf 95' lang='lat'><strong>,</strong></span> 
     </span>
     <span class='ocr_line' id='line_1_10' title="bbox 386 990 1639 1041; baseline -0.003 -12"><span class='ocrx_word' id='word_1_71' title='bbox 386 1005 500 1041; x_wconf 89' lang='lat' dir='ltr'><strong>quum</strong></span> <span class='ocrx_word' id='word_1_72' title='bbox 515 1005 634 1041; x_wconf 90' lang='lat' dir='ltr'><strong>neque</strong></span> <span class='ocrx_word' id='word_1_73' title='bbox 647 992 835 1029; x_wconf 84' lang='lat' dir='ltr'><strong>Musarum</strong></span> <span class='ocrx_word' id='word_1_74' title='bbox 850 992 1015 1040; x_wconf 89' lang='lat' dir='ltr'><strong>scopulos</strong></span> <span class='ocrx_word' id='word_1_75' title='bbox 1030 992 1222 1040; x_wconf 85' lang='lat' dir='ltr'><strong>quisquam</strong></span> <span class='ocrx_word' id='word_1_76' title='bbox 1237 994 1447 1040; x_wconf 87' lang='lat' dir='ltr'><strong>superarat,</strong></span> <span class='ocrx_word' id='word_1_77' title='bbox 1471 1002 1538 1027; x_wconf 89' lang='lat' dir='ltr'><strong>nec</strong></span> <span class='ocrx_word' id='word_1_78' title='bbox 1551 990 1639 1026; x_wconf 86' lang='lat' dir='ltr'><strong>dicti</strong></span> 
     </span>
     <span class='ocr_line' id='line_1_11' title="bbox 385 1067 1639 1114; baseline -0.001 -11"><span class='ocrx_word' id='word_1_79' title='bbox 385 1069 570 1104; x_wconf 86' lang='lat' dir='ltr'><strong>studiosus</strong></span> <span class='ocrx_word' id='word_1_80' title='bbox 585 1072 683 1112; x_wconf 87' lang='lat' dir='ltr'><strong>erat,</strong></span> <span class='ocrx_word' id='word_1_81' title='bbox 702 1068 782 1114; x_wconf 86' lang='lat' dir='ltr'><strong>jam</strong></span> <span class='ocrx_word' id='word_1_82' title='bbox 796 1069 920 1104; x_wconf 88' lang='lat' dir='ltr'><strong>multis</strong></span> <span class='ocrx_word' id='word_1_83' title='bbox 934 1072 1019 1104; x_wconf 88' lang='lat' dir='ltr'><strong>ante</strong></span> <span class='ocrx_word' id='word_1_84' title='bbox 1035 1068 1212 1104; x_wconf 89' lang='lat' dir='ltr'><strong>Catonem</strong></span> <span class='ocrx_word' id='word_1_85' title='bbox 1226 1068 1357 1104; x_wconf 84' lang='lat' dir='ltr'><strong>seculis</strong></span> <span class='ocrx_word' id='word_1_86' title='bbox 1371 1068 1410 1103; x_wconf 91' lang='lat' dir='ltr'><strong>in</strong></span> <span class='ocrx_word' id='word_1_87' title='bbox 1425 1067 1539 1114; x_wconf 90' lang='lat' dir='ltr'><strong>epulis</strong></span> <span class='ocrx_word' id='word_1_88' title='bbox 1554 1078 1639 1102; x_wconf 90' lang='lat' dir='ltr'><strong>can-</strong></span> 
     </span>
     <span class='ocr_line' id='line_1_12' title="bbox 386 1141 1642 1191; baseline -0.001 -13"><span class='ocrx_word' id='word_1_89' title='bbox 386 1143 512 1188; x_wconf 89' lang='lat' dir='ltr'><strong>titata,</strong></span> <span class='ocrx_word' id='word_1_90' title='bbox 531 1146 540 1165; x_wconf 94' lang='lat'>¹</span> <span class='ocrx_word' id='word_1_91' title='bbox 567 1143 632 1179; x_wconf 91' lang='lat' dir='ltr'><strong>sed</strong></span> <span class='ocrx_word' id='word_1_92' title='bbox 656 1155 749 1191; x_wconf 86' lang='lat' dir='ltr'><strong>quac</strong></span> <span class='ocrx_word' id='word_1_93' title='bbox 767 1143 846 1191; x_wconf 90' lang='lat' dir='ltr'><strong>jam</strong></span> <span class='ocrx_word' id='word_1_94' title='bbox 869 1144 1068 1191; x_wconf 82' lang='lat' dir='ltr'><strong>antiquitas</strong></span> <span class='ocrx_word' id='word_1_95' title='bbox 1091 1143 1234 1191; x_wconf 90' lang='lat' dir='ltr'><strong>perdita</strong></span> <span class='ocrx_word' id='word_1_96' title='bbox 1266 1143 1497 1191; x_wconf 84' lang='lat' dir='ltr'><strong>deplorabat,</strong></span> <span class='ocrx_word' id='word_1_97' title='bbox 1522 1141 1642 1178; x_wconf 89' lang='lat' dir='ltr'><strong>nullus</strong></span> 
     </span>
     <span class='ocr_line' id='line_1_13' title="bbox 387 1207 1640 1266; baseline -0.001 -13"><span class='ocrx_word' id='word_1_98' title='bbox 387 1207 456 1253; x_wconf 85' lang='lat' dir='ltr'><strong>fuit</strong></span> <span class='ocrx_word' id='word_1_99' title='bbox 468 1221 576 1264; x_wconf 85' lang='lat' dir='ltr'><strong>poeta</strong></span> <span class='ocrx_word' id='word_1_100' title='bbox 585 1218 750 1264; x_wconf 88' lang='lat' dir='ltr'><strong>Latinus,</strong></span> <span class='ocrx_word' id='word_1_101' title='bbox 765 1220 828 1265; x_wconf 91' lang='lat' dir='ltr'><strong>qui</strong></span> <span class='ocrx_word' id='word_1_102' title='bbox 843 1231 917 1254; x_wconf 90' lang='lat' dir='ltr'><strong>non</strong></span> <span class='ocrx_word' id='word_1_103' title='bbox 933 1220 1203 1266; x_wconf 88' lang='lat' dir='ltr'><strong>quodammodo</strong></span> <span class='ocrx_word' id='word_1_104' title='bbox 1219 1230 1240 1254; x_wconf 90' lang='lat' dir='ltr'><strong>a</strong></span> <span class='ocrx_word' id='word_1_105' title='bbox 1257 1219 1406 1255; x_wconf 88' lang='lat' dir='ltr'><strong>Graecis</strong></span> <span class='ocrx_word' id='word_1_106' title='bbox 1419 1218 1640 1266; x_wconf 89' lang='lat' dir='ltr'><strong>pependerit.</strong></span> 
     </span>
     <span class='ocr_line' id='line_1_14' title="bbox 388 1292 1640 1343; baseline 0.001 -14"><span class='ocrx_word' id='word_1_107' title='bbox 388 1292 428 1329; x_wconf 90' lang='lat' dir='ltr'><strong>Si</strong></span> <span class='ocrx_word' id='word_1_108' title='bbox 465 1294 612 1330; x_wconf 88' lang='lat' dir='ltr'><strong>initium</strong></span> <span class='ocrx_word' id='word_1_109' title='bbox 646 1294 835 1330; x_wconf 87' lang='lat' dir='ltr'><strong>literarum</strong></span> <span class='ocrx_word' id='word_1_110' title='bbox 873 1294 1088 1330; x_wconf 87' lang='lat' dir='ltr'><strong>Latinarum</strong></span> <span class='ocrx_word' id='word_1_111' title='bbox 1116 1298 1275 1343; x_wconf 86' lang='lat' dir='ltr'><strong>spectes,</strong></span> <span class='ocrx_word' id='word_1_112' title='bbox 1308 1295 1354 1331; x_wconf 92' lang='lat' dir='ltr'><strong>de</strong></span> <span class='ocrx_word' id='word_1_113' title='bbox 1382 1294 1513 1343; x_wconf 86' lang='lat' dir='ltr'><strong>quihus</strong></span> <span class='ocrx_word' id='word_1_114' title='bbox 1542 1297 1640 1331; x_wconf 87' lang='lat' dir='ltr'><strong>certa</strong></span> 
     </span>
     <span class='ocr_line' id='line_1_15' title="bbox 385 1369 1641 1417; baseline 0.001 -13"><span class='ocrx_word' id='word_1_115' title='bbox 385 1369 567 1415; x_wconf 84' lang='lat' dir='ltr'><strong>quaedam</strong></span> <span class='ocrx_word' id='word_1_116' title='bbox 603 1370 701 1404; x_wconf 86' lang='lat' dir='ltr'><strong>fama</strong></span> <span class='ocrx_word' id='word_1_117' title='bbox 737 1370 783 1405; x_wconf 87' lang='lat' dir='ltr'><strong>ad</strong></span> <span class='ocrx_word' id='word_1_118' title='bbox 819 1381 885 1405; x_wconf 87' lang='lat' dir='ltr'><strong>nos</strong></span> <span class='ocrx_word' id='word_1_119' title='bbox 912 1371 1096 1417; x_wconf 87' lang='lat' dir='ltr'><strong>pervenit,</strong></span> <span class='ocrx_word' id='word_1_120' title='bbox 1134 1370 1281 1415; x_wconf 91' lang='lat' dir='ltr'><strong>Cicero,</strong></span> <span class='ocrx_word' id='word_1_121' title='bbox 1310 1371 1386 1417; x_wconf 91' lang='lat' dir='ltr'><strong>ipse</strong></span> <span class='ocrx_word' id='word_1_122' title='bbox 1413 1370 1518 1406; x_wconf 88' lang='lat' dir='ltr'><strong>valde</strong></span> <span class='ocrx_word' id='word_1_123' title='bbox 1546 1371 1641 1406; x_wconf 88' lang='lat' dir='ltr'><strong>anti-</strong></span> 
     </span>
     <span class='ocr_line' id='line_1_16' title="bbox 386 1444 1641 1492; baseline 0.001 -12"><span class='ocrx_word' id='word_1_124' title='bbox 386 1456 478 1492; x_wconf 86' lang='lat' dir='ltr'><strong>quos</strong></span> <span class='ocrx_word' id='word_1_125' title='bbox 515 1448 681 1481; x_wconf 85' lang='lat' dir='ltr'><strong>auctores</strong></span> <span class='ocrx_word' id='word_1_126' title='bbox 718 1445 937 1491; x_wconf 88' lang='lat' dir='ltr'><strong>admiratus,</strong></span> <span class='ocrx_word' id='word_1_127' title='bbox 974 1446 1041 1481; x_wconf 89' lang='lat' dir='ltr'><strong>tibi</strong></span> <span class='ocrx_word' id='word_1_128' title='bbox 1080 1446 1192 1481; x_wconf 87' lang='lat' dir='ltr'><strong>dicet:</strong></span> <span class='ocrx_word' id='word_1_129' title='bbox 1236 1444 1320 1481; x_wconf 88' lang='lat' dir='ltr'><strong>“Sic</strong></span> <span class='ocrx_word' id='word_1_130' title='bbox 1347 1445 1447 1481; x_wconf 89' lang='lat' dir='ltr'><strong>enim</strong></span> <span class='ocrx_word' id='word_1_131' title='bbox 1474 1456 1553 1482; x_wconf 84' lang='lat' dir='ltr'><strong>sese</strong></span> <span class='ocrx_word' id='word_1_132' title='bbox 1583 1457 1641 1482; x_wconf 93' lang='lat' dir='ltr'><strong>res</strong></span> 
     </span>
     <span class='ocr_line' id='line_1_17' title="bbox 388 1520 1641 1569; baseline 0.002 -14"><span class='ocrx_word' id='word_1_133' title='bbox 388 1520 531 1556; x_wconf 62' lang='lat' dir='ltr'><strong>“habet</strong></span> <span class='ocrx_word' id='word_1_134' title='bbox 572 1520 668 1556; x_wconf 89' lang='lat' dir='ltr'><strong>Nam</strong></span> <span class='ocrx_word' id='word_1_135' title='bbox 705 1524 742 1556; x_wconf 90' lang='lat' dir='ltr'><strong>et</strong></span> <span class='ocrx_word' id='word_1_136' title='bbox 781 1520 942 1568; x_wconf 76' lang='lat' dir='ltr'><strong>Odyssea</strong></span> <span class='ocrx_word' id='word_1_137' title='bbox 981 1521 1111 1557; x_wconf 89' lang='lat' dir='ltr'><strong>Latina</strong></span> <span class='ocrx_word' id='word_1_138' title='bbox 1141 1525 1196 1557; x_wconf 92' lang='lat' dir='ltr'><strong>est</strong></span> <span class='ocrx_word' id='word_1_139' title='bbox 1224 1522 1296 1566; x_wconf 88' lang='lat' dir='ltr'><strong>sic,</strong></span> <span class='ocrx_word' id='word_1_140' title='bbox 1334 1524 1523 1568; x_wconf 86' lang='lat' dir='ltr'><strong>tamquam</strong></span> <span class='ocrx_word' id='word_1_141' title='bbox 1552 1533 1641 1569; x_wconf 90' lang='lat' dir='ltr'><strong>opus</strong></span> 
     </span>
     <span class='ocr_line' id='line_1_18' title="bbox 387 1596 1635 1644; baseline 0.002 -13"><span class='ocrx_word' id='word_1_142' title='bbox 387 1596 557 1644; x_wconf 87' lang='lat' dir='ltr'><strong>“aliquod</strong></span> <span class='ocrx_word' id='word_1_143' title='bbox 595 1596 745 1633; x_wconf 89' lang='lat' dir='ltr'><strong>Daedali</strong></span> <span class='ocrx_word' id='word_1_144' title='bbox 783 1600 819 1633; x_wconf 87' lang='lat' dir='ltr'><strong>et</strong></span> <span class='ocrx_word' id='word_1_145' title='bbox 856 1596 1030 1633; x_wconf 88' lang='lat' dir='ltr'><strong>Livianae</strong></span> <span class='ocrx_word' id='word_1_146' title='bbox 1065 1597 1227 1643; x_wconf 84' lang='lat' dir='ltr'><strong>fabulae,</strong></span> <span class='ocrx_word' id='word_1_147' title='bbox 1264 1608 1338 1633; x_wconf 91' lang='lat' dir='ltr'><strong>non</strong></span> <span class='ocrx_word' id='word_1_148' title='bbox 1366 1597 1454 1634; x_wconf 86' lang='lat' dir='ltr'><strong>satis</strong></span> <span class='ocrx_word' id='word_1_149' title='bbox 1483 1596 1635 1643; x_wconf 84' lang='lat' dir='ltr'><strong>dignae,</strong></span> 
     </span>
     <span class='ocr_line' id='line_1_19' title="bbox 387 1672 1639 1719; baseline 0.001 -12"><span class='ocrx_word' id='word_1_150' title='bbox 387 1672 504 1719; x_wconf 86' lang='lat' dir='ltr'><strong>“quae</strong></span> <span class='ocrx_word' id='word_1_151' title='bbox 545 1673 679 1707; x_wconf 85' lang='lat' dir='ltr'><strong>iterum</strong></span> <span class='ocrx_word' id='word_1_152' title='bbox 721 1673 909 1719; x_wconf 83' lang='lat' dir='ltr'><strong>legantur‘’</strong></span> <span class='ocrx_word' id='word_1_153' title='bbox 936 1675 962 1709; x_wconf 79' lang='lat'><strong>².</strong></span> <span class='ocrx_word' id='word_1_154' title='bbox 1008 1674 1247 1710; x_wconf 85' lang='lat' dir='ltr'><strong>Persectiores</strong></span> <span class='ocrx_word' id='word_1_155' title='bbox 1288 1677 1435 1718; x_wconf 89' lang='lat' dir='ltr'><strong>autem,</strong></span> <span class='ocrx_word' id='word_1_156' title='bbox 1476 1673 1616 1708; x_wconf 83' lang='lat' dir='ltr'><strong>Ennius</strong></span> <span class='ocrx_word' id='word_1_157' title='bbox 1630 1701 1639 1718; x_wconf 93' lang='lat'><strong>,</strong></span> 
     </span>
     <span class='ocr_line' id='line_1_20' title="bbox 382 1748 1637 1796; baseline 0.001 -13"><span class='ocrx_word' id='word_1_158' title='bbox 382 1748 560 1783; x_wconf 91' lang='lat' dir='ltr'><strong>Pacuvius</strong></span> <span class='ocrx_word' id='word_1_159' title='bbox 592 1750 629 1782; x_wconf 91' lang='lat' dir='ltr'><strong>et</strong></span> <span class='ocrx_word' id='word_1_160' title='bbox 656 1748 718 1793; x_wconf 90' lang='lat' dir='ltr'><strong>qui</strong></span> <span class='ocrx_word' id='word_1_161' title='bbox 747 1759 830 1783; x_wconf 90' lang='lat' dir='ltr'><strong>cum</strong></span> <span class='ocrx_word' id='word_1_162' title='bbox 859 1760 901 1783; x_wconf 94' lang='lat' dir='ltr'><strong>eo</strong></span> <span class='ocrx_word' id='word_1_163' title='bbox 930 1749 1134 1795; x_wconf 85' lang='lat' dir='ltr'><strong>tragoedias</strong></span> <span class='ocrx_word' id='word_1_164' title='bbox 1162 1752 1199 1784; x_wconf 90' lang='lat' dir='ltr'><strong>et</strong></span> <span class='ocrx_word' id='word_1_165' title='bbox 1227 1748 1432 1784; x_wconf 84' lang='lat' dir='ltr'><strong>comoedias</strong></span> <span class='ocrx_word' id='word_1_166' title='bbox 1455 1750 1637 1796; x_wconf 90' lang='lat' dir='ltr'><strong>conscrip-</strong></span> 
     </span>
     <span class='ocr_line' id='line_1_21' title="bbox 381 1821 1637 1870; baseline 0.001 -13"><span class='ocrx_word' id='word_1_167' title='bbox 381 1833 479 1866; x_wconf 88' lang='lat' dir='ltr'><strong>sere,</strong></span> <span class='ocrx_word' id='word_1_168' title='bbox 506 1821 628 1856; x_wconf 83' lang='lat' dir='ltr'><strong>Attius</strong></span> <span class='ocrx_word' id='word_1_169' title='bbox 638 1848 647 1866; x_wconf 93' lang='lat'><strong>,</strong></span> <span class='ocrx_word' id='word_1_170' title='bbox 663 1821 821 1857; x_wconf 86' lang='lat' dir='ltr'><strong>Naevius</strong></span> <span class='ocrx_word' id='word_1_171' title='bbox 832 1849 841 1866; x_wconf 93' lang='lat'><strong>,</strong></span> <span class='ocrx_word' id='word_1_172' title='bbox 856 1823 988 1858; x_wconf 88' lang='lat' dir='ltr'><strong>deinde</strong></span> <span class='ocrx_word' id='word_1_173' title='bbox 1002 1823 1153 1858; x_wconf 89' lang='lat' dir='ltr'><strong>Plautus</strong></span> <span class='ocrx_word' id='word_1_174' title='bbox 1168 1827 1205 1858; x_wconf 89' lang='lat' dir='ltr'><strong>et</strong></span> <span class='ocrx_word' id='word_1_175' title='bbox 1219 1823 1411 1859; x_wconf 86' lang='lat' dir='ltr'><strong>Terentius</strong></span> <span class='ocrx_word' id='word_1_176' title='bbox 1422 1851 1432 1868; x_wconf 95' lang='lat'><strong>,</strong></span> <span class='ocrx_word' id='word_1_177' title='bbox 1447 1823 1535 1870; x_wconf 89' lang='lat' dir='ltr'><strong>quid</strong></span> <span class='ocrx_word' id='word_1_178' title='bbox 1545 1822 1564 1858; x_wconf 76' lang='lat' dir='ltr'><strong>‘I</strong></span> <span class='ocrx_word' id='word_1_179' title='bbox 1584 1843 1637 1849; x_wconf 89' lang='lat'>—</span> 
     </span>
     <span class='ocr_line' id='line_1_22' title="bbox 380 1896 1638 1945; baseline 0.002 -14"><span class='ocrx_word' id='word_1_180' title='bbox 380 1908 503 1932; x_wconf 89' lang='lat' dir='ltr'><strong>nonne</strong></span> <span class='ocrx_word' id='word_1_181' title='bbox 532 1908 659 1932; x_wconf 86' lang='lat' dir='ltr'><strong>omnes</strong></span> <span class='ocrx_word' id='word_1_182' title='bbox 689 1896 827 1932; x_wconf 81' lang='lat' dir='ltr'><strong>Graeca</strong></span> <span class='ocrx_word' id='word_1_183' title='bbox 851 1898 965 1933; x_wconf 88' lang='lat' dir='ltr'><strong>secuti</strong></span> <span class='ocrx_word' id='word_1_184' title='bbox 994 1901 1080 1934; x_wconf 90' lang='lat' dir='ltr'><strong>sunt</strong></span> <span class='ocrx_word' id='word_1_185' title='bbox 1102 1898 1298 1945; x_wconf 67' lang='lat' dir='ltr'><strong>exempla?</strong></span> <span class='ocrx_word' id='word_1_186' title='bbox 1328 1897 1454 1943; x_wconf 82' lang='lat' dir='ltr'><strong>Certe,</strong></span> <span class='ocrx_word' id='word_1_187' title='bbox 1480 1898 1544 1936; x_wconf 84' lang='lat' dir='ltr'><strong>sed</strong></span> <span class='ocrx_word' id='word_1_188' title='bbox 1568 1898 1638 1933; x_wconf 89' lang='lat' dir='ltr'><strong>hoc</strong></span> 
     </span>
     <span class='ocr_line' id='line_1_23' title="bbox 382 1972 1642 2021; baseline 0.002 -14"><span class='ocrx_word' id='word_1_189' title='bbox 382 1974 546 2009; x_wconf 88' lang='lat' dir='ltr'><strong>fecerunt</strong></span> <span class='ocrx_word' id='word_1_190' title='bbox 568 1983 670 2008; x_wconf 91' lang='lat' dir='ltr'><strong>more</strong></span> <span class='ocrx_word' id='word_1_191' title='bbox 694 1972 881 2018; x_wconf 83' lang='lat' dir='ltr'><strong>Romano,</strong></span> <span class='ocrx_word' id='word_1_192' title='bbox 905 1973 927 2008; x_wconf 95' lang='lat' dir='ltr'><strong>i.</strong></span> <span class='ocrx_word' id='word_1_193' title='bbox 944 1984 995 2018; x_wconf 91' lang='lat' dir='ltr'><strong>e.,</strong></span> <span class='ocrx_word' id='word_1_194' title='bbox 1021 1984 1244 2021; x_wconf 87' lang='lat' dir='ltr'><strong>quamquam</strong></span> <span class='ocrx_word' id='word_1_195' title='bbox 1268 1973 1402 2009; x_wconf 89' lang='lat' dir='ltr'><strong>imitati</strong></span> <span class='ocrx_word' id='word_1_196' title='bbox 1426 1976 1512 2009; x_wconf 89' lang='lat' dir='ltr'><strong>sunt</strong></span> <span class='ocrx_word' id='word_1_197' title='bbox 1534 1984 1642 2021; x_wconf 86' lang='lat' dir='ltr'><strong>opera</strong></span> 
     </span>
     <span class='ocr_line' id='line_1_24' title="bbox 383 2048 1636 2096; baseline 0.002 -13"><span class='ocrx_word' id='word_1_198' title='bbox 383 2048 541 2093; x_wconf 83' lang='lat' dir='ltr'><strong>Graeca,</strong></span> <span class='ocrx_word' id='word_1_199' title='bbox 565 2048 633 2095; x_wconf 89' lang='lat' dir='ltr'><strong>ipsi</strong></span> <span class='ocrx_word' id='word_1_200' title='bbox 657 2048 788 2084; x_wconf 86' lang='lat' dir='ltr'><strong>Latina</strong></span> <span class='ocrx_word' id='word_1_201' title='bbox 812 2048 1055 2084; x_wconf 86' lang='lat' dir='ltr'><strong>condiderunt</strong></span> <span class='ocrx_word' id='word_1_202' title='bbox 1078 2050 1261 2094; x_wconf 88' lang='lat' dir='ltr'><strong>carmina,</strong></span> <span class='ocrx_word' id='word_1_203' title='bbox 1284 2050 1320 2085; x_wconf 88' lang='lat' dir='ltr'><strong>in</strong></span> <span class='ocrx_word' id='word_1_204' title='bbox 1346 2049 1477 2096; x_wconf 78' lang='lat' dir='ltr'><strong>quibus</strong></span> <span class='ocrx_word' id='word_1_205' title='bbox 1491 2050 1636 2086; x_wconf 87' lang='lat' dir='ltr'><strong>animus</strong></span> 
     </span>
     <span class='ocr_line' id='line_1_25' title="bbox 387 2124 1631 2174; baseline 0.003 -16"><span class='ocrx_word' id='word_1_206' title='bbox 387 2124 507 2171; x_wconf 90' lang='lat' dir='ltr'><strong>populi</strong></span> <span class='ocrx_word' id='word_1_207' title='bbox 550 2124 691 2168; x_wconf 87' lang='lat' dir='ltr'><strong>Latini,</strong></span> <span class='ocrx_word' id='word_1_208' title='bbox 738 2135 803 2159; x_wconf 89' lang='lat' dir='ltr'><strong>seu</strong></span> <span class='ocrx_word' id='word_1_209' title='bbox 852 2124 972 2171; x_wconf 86' lang='lat' dir='ltr'><strong>potius</strong></span> <span class='ocrx_word' id='word_1_210' title='bbox 1015 2124 1173 2160; x_wconf 91' lang='lat' dir='ltr'><strong>Romani</strong></span> <span class='ocrx_word' id='word_1_211' title='bbox 1214 2125 1395 2172; x_wconf 82' lang='lat' dir='ltr'><strong>spirabat,</strong></span> <span class='ocrx_word' id='word_1_212' title='bbox 1436 2129 1492 2171; x_wconf 88' lang='lat' dir='ltr'><strong>et,</strong></span> <span class='ocrx_word' id='word_1_213' title='bbox 1535 2127 1631 2174; x_wconf 89' lang='lat' dir='ltr'><strong>quod</strong></span> 
     </span>
     <span class='ocr_line' id='line_1_26' title="bbox 387 2175 1627 2248; baseline 0.002 -14"><span class='ocrx_word' id='word_1_214' title='bbox 387 2199 512 2246; x_wconf 82' lang='lat' dir='ltr'><strong>magni</strong></span> <span class='ocrx_word' id='word_1_215' title='bbox 546 2175 614 2235; x_wconf 64' lang='lat' dir='ltr'><strong>hac</strong></span> <span class='ocrx_word' id='word_1_216' title='bbox 643 2200 681 2234; x_wconf 90' lang='lat' dir='ltr'><strong>in</strong></span> <span class='ocrx_word' id='word_1_217' title='bbox 709 2211 750 2234; x_wconf 90' lang='lat' dir='ltr'><strong>re</strong></span> <span class='ocrx_word' id='word_1_218' title='bbox 778 2200 922 2235; x_wconf 88' lang='lat' dir='ltr'><strong>videtur</strong></span> <span class='ocrx_word' id='word_1_219' title='bbox 951 2201 1148 2244; x_wconf 87' lang='lat' dir='ltr'><strong>momenti,</strong></span> <span class='ocrx_word' id='word_1_220' title='bbox 1186 2201 1320 2236; x_wconf 86' lang='lat' dir='ltr'><strong>imitati</strong></span> <span class='ocrx_word' id='word_1_221' title='bbox 1347 2204 1434 2236; x_wconf 89' lang='lat' dir='ltr'><strong>sunt</strong></span> <span class='ocrx_word' id='word_1_222' title='bbox 1461 2202 1627 2248; x_wconf 81' lang='lat' dir='ltr'><strong>exempla</strong></span> 
     </span>
     <span class='ocr_line' id='line_1_27' title="bbox 389 2275 1639 2322; baseline 0.002 -12"><span class='ocrx_word' id='word_1_223' title='bbox 389 2286 482 2322; x_wconf 89' lang='lat' dir='ltr'><strong>quae</strong></span> <span class='ocrx_word' id='word_1_224' title='bbox 520 2275 724 2322; x_wconf 85' lang='lat' dir='ltr'><strong>conscripta</strong></span> <span class='ocrx_word' id='word_1_225' title='bbox 763 2276 927 2321; x_wconf 89' lang='lat' dir='ltr'><strong>fuerant,</strong></span> <span class='ocrx_word' id='word_1_226' title='bbox 956 2288 1069 2322; x_wconf 87' lang='lat' dir='ltr'><strong>quum</strong></span> <span class='ocrx_word' id='word_1_227' title='bbox 1103 2277 1141 2312; x_wconf 90' lang='lat' dir='ltr'><strong>in</strong></span> <span class='ocrx_word' id='word_1_228' title='bbox 1171 2275 1323 2313; x_wconf 90' lang='lat' dir='ltr'><strong>Graecia</strong></span> <span class='ocrx_word' id='word_1_229' title='bbox 1346 2277 1460 2313; x_wconf 88' lang='lat' dir='ltr'><strong>libera</strong></span> <span class='ocrx_word' id='word_1_230' title='bbox 1496 2276 1639 2313; x_wconf 87' lang='lat' dir='ltr'><strong>litterae</strong></span> 
     </span>
    </p>
   </div>
   <div class='ocr_carea' id='block_1_3' title="bbox 390 2350 1659 2398">
    <p class='ocr_par' dir='ltr' id='par_1_4' title="bbox 390 2350 1659 2398">
     <span class='ocr_line' id='line_1_28' title="bbox 390 2350 1659 2398; baseline 0.001 -12"><span class='ocrx_word' id='word_1_231' title='bbox 390 2352 564 2386; x_wconf 87' lang='lat' dir='ltr'><strong>florerent</strong></span> <span class='ocrx_word' id='word_1_232' title='bbox 578 2378 588 2396; x_wconf 87' lang='lat'>‚</span> <span class='ocrx_word' id='word_1_233' title='bbox 612 2354 676 2386; x_wconf 91' lang='lat' dir='ltr'><strong>aut</strong></span> <span class='ocrx_word' id='word_1_234' title='bbox 700 2362 795 2397; x_wconf 89' lang='lat' dir='ltr'><strong>quae</strong></span> <span class='ocrx_word' id='word_1_235' title='bbox 817 2350 1023 2386; x_wconf 88' lang='lat' dir='ltr'><strong>redolerent</strong></span> <span class='ocrx_word' id='word_1_236' title='bbox 1049 2362 1212 2386; x_wconf 87' lang='lat' dir='ltr'><strong>amorem</strong></span> <span class='ocrx_word' id='word_1_237' title='bbox 1236 2351 1433 2397; x_wconf 88' lang='lat' dir='ltr'><strong>libertatis,</strong></span> <span class='ocrx_word' id='word_1_238' title='bbox 1463 2352 1525 2398; x_wconf 92' lang='lat' dir='ltr'><strong>qui</strong></span> <span class='ocrx_word' id='word_1_239' title='bbox 1553 2363 1659 2388; x_wconf 53' lang='lat' dir='ltr'><strong>non-1</strong></span> 
     </span>
    </p>
   </div>
   <div class='ocr_carea' id='block_1_4' title="bbox 372 2459 552 2463">
    <p class='ocr_par' dir='ltr' id='par_1_5' title="bbox 372 2459 552 2463">
     <span class='ocr_line' id='line_1_29' title="bbox 372 2459 552 2463; baseline 0 0"><span class='ocrx_word' id='word_1_240' title='bbox 372 2459 552 2463; x_wconf 95' lang='lat' dir='ltr'><strong> </strong></span> 
     </span>
    </p>
   </div>
   <div class='ocr_carea' id='block_1_5' title="bbox 408 2514 973 2613">
    <p class='ocr_par' dir='ltr' id='par_1_6' title="bbox 408 2514 973 2613">
     <span class='ocr_line' id='line_1_30' title="bbox 408 2514 973 2552; baseline 0.002 -9"><span class='ocrx_word' id='word_1_241' title='bbox 408 2516 415 2535; x_wconf 90' lang='lat'>¹</span> <span class='ocrx_word' id='word_1_242' title='bbox 441 2514 507 2544; x_wconf 84' lang='lat' dir='ltr'><strong>Cic.</strong></span> <span class='ocrx_word' id='word_1_243' title='bbox 531 2515 621 2543; x_wconf 86' lang='lat' dir='ltr'><strong>Brut.</strong></span> <span class='ocrx_word' id='word_1_244' title='bbox 645 2515 682 2544; x_wconf 90' lang='lat'><strong>18</strong></span> <span class='ocrx_word' id='word_1_245' title='bbox 704 2515 721 2551; x_wconf 64' lang='grc' dir='ltr'><strong>ἓ</strong></span> <span class='ocrx_word' id='word_1_246' title='bbox 744 2514 799 2552; x_wconf 88' lang='lat'><strong>71,</strong></span> <span class='ocrx_word' id='word_1_247' title='bbox 824 2516 861 2544; x_wconf 86' lang='lat'><strong>19</strong></span> <span class='ocrx_word' id='word_1_248' title='bbox 883 2516 901 2551; x_wconf 66' lang='grc' dir='ltr'>ξ</span> <span class='ocrx_word' id='word_1_249' title='bbox 925 2516 973 2544; x_wconf 81' lang='lat'><strong>75.</strong></span> 
     </span>
     <span class='ocr_line' id='line_1_31' title="bbox 408 2577 795 2613; baseline 0.003 -8"><span class='ocrx_word' id='word_1_250' title='bbox 408 2578 420 2598; x_wconf 77' lang='lat'><em>²</em></span> <span class='ocrx_word' id='word_1_251' title='bbox 443 2577 510 2606; x_wconf 88' lang='lat' dir='ltr'><strong>Cic.</strong></span> <span class='ocrx_word' id='word_1_252' title='bbox 533 2577 622 2606; x_wconf 88' lang='lat' dir='ltr'><strong>Brut.</strong></span> <span class='ocrx_word' id='word_1_253' title='bbox 646 2578 684 2606; x_wconf 91' lang='lat'><strong>18</strong></span> <span class='ocrx_word' id='word_1_254' title='bbox 706 2578 723 2613; x_wconf 67' lang='grc' dir='ltr'><strong>ἓ</strong></span> <span class='ocrx_word' id='word_1_255' title='bbox 748 2579 795 2606; x_wconf 82' lang='lat'><strong>71.</strong></span> 
     </span>
    </p>
   </div>
  </div>
 </body>
</html>
