1892 3007
932 213 1010 248 132

948 355 987 387 V.

388 461 428 496 In
453 462 609 503 ejusdem
636 462 787 495 oratione
813 462 923 495 XXIV
957 462 974 506 ἓ
1002 462 1072 495 27:
1097 462 1158 507 ἐγὼ
1183 459 1218 494 δὲ
1244 462 1362 494 τούτων
1388 460 1472 505 ὑμῶν
1497 460 1602 505 τυχὼν

339 524 397 562 ἔξω
424 525 479 559 τὴν
505 525 621 569 χάριν,
650 526 739 557 inter
762 527 868 569 τυχών
893 529 927 557 et
952 525 1010 563 ἔξω
1036 525 1201 556 intersere
1225 524 1327 562 ἀξίαν.

942 662 999 694 VI.

391 768 430 801 In
456 769 610 811 ejusdem
638 769 791 801 oratione
815 768 925 809 XXV,
952 768 969 812 ἓ
998 768 1061 801 20:
1088 767 1109 800 ἃ
1133 770 1310 813 πάσχοντες
1335 765 1429 799 ἄδικα
1453 767 1605 811 ἐνομίζετε

342 834 478 876 πάσχειν
505 832 579 864 dele
603 832 753 876 πάσχειν.

935 938 1010 970 VII.

394 1046 433 1078 In
473 1046 626 1087 ejusdem
665 1046 834 1085 oratione,
868 1044 993 1086 XXVI,
1033 1043 1050 1088 ἓ
1078 1044 1099 1076 9
1134 1054 1196 1087 pro
1221 1046 1239 1080 ἡ
1272 1042 1465 1090 δημοκρατία
1485 1044 1558 1086 lege
1583 1045 1600 1080 ἡ

340 1109 482 1140 πολιτεία
507 1111 540 1140 et
567 1108 641 1140 dele
666 1108 701 1139 in
727 1107 948 1149 sequentibus
973 1112 1011 1153 τῇ
1037 1107 1187 1151 πολιτείᾳ.

927 1242 1019 1274 VIII.

390 1350 429 1382 In
464 1350 618 1392 ejusdem
652 1351 804 1383 oratione
836 1350 998 1391 XXVIII,
1033 1349 1049 1393 g
1077 1350 1119 1382 11
1156 1350 1308 1383 deleatur
1341 1351 1392 1382 καί
1425 1352 1502 1382 ante
1527 1353 1603 1393 μήτε

340 1411 456 1458 κέρδος.

944 1520 1001 1552 ΙΧ.

388 1627 426 1659 In
461 1627 614 1669 ejusdem
639 1627 791 1659 oratione
816 1627 927 1669 XXX,
955 1626 972 1671 ἓ
1000 1626 1038 1659 3:
1066 1628 1107 1664 εὶς
1130 1630 1221 1659 τοῦτο
1246 1625 1282 1659 δὲ
1310 1627 1498 1672 κατέστημεν
1523 1628 1602 1660 ὥστε

339 1692 371 1723 ἐκ
402 1695 456 1727 τῆς
490 1691 601 1722 τούτου
635 1689 740 1736 χειρὸς
773 1691 1006 1735 τεταμιεύμεθα
1031 1690 1102 1727 τοὺς
1128 1689 1261 1734 νόμους,
1284 1700 1346 1733 pro
1370 1691 1603 1735 τεταμιεύμεθα
1618 1693 1640 1712 “-
1703 1707 1706 1709 >

340 1754 472 1796 legatur
496 1751 560 1787 τότ’
585 1752 827 1799 ἑταμιευὸμεᾶα.

955 1877 995 1909 Χ.

387 1984 472 2017 Ibid.
502 1983 519 2027 5
547 1983 605 2017 10.
630 1983 787 2029 βουλεύων
815 1981 916 2016 ἔπεισε
944 1984 998 2020 τὴν
1024 1984 1159 2029 βουλήν,
1184 1984 1258 2016 dele
1283 1983 1450 2029 βουλεύων.

941 2105 998 2137 XI.

389 2213 475 2244 Ibid.
504 2211 521 2255 ἓ
549 2212 613 2244 19:
640 2210 726 2248 ’ὅστις
751 2213 829 2250 ἀξιῶ
853 2216 974 2257 πρῶτον
999 2210 1056 2256 μὲν
1077 2212 1155 2244 κατὰ
1174 2194 1357 2258 τὰῧπάτρια
1377 2214 1468 2246 ,θύειν
1493 2212 1602 2245 delea-

338 2278 396 2307 tur
421 2274 627 2317 praepositio
652 2275 741 2308 κατά.

936 2382 1011 2414 XII.

390 2491 476 2523 Ibid.
504 2490 521 2533 ἓ
557 2489 617 2522 25:
653 2487 737 2522 οὗτοι
771 2486 853 2522 δ’ἒπὶ
885 2493 922 2536 τῇ
953 2493 1014 2522 τῶν
1040 2488 1141 2534 νόμων
1165 2490 1328 2538 ἀνα-γραφῇ
1354 2491 1404 2523 καὶ
1427 2496 1488 2523 τῶν
1514 2491 1600 2537 ἱερῶν

339 2552 427 2599 δῶρα
453 2553 685 2597 λαμβάνοντες,
710 2552 783 2585 dele
805 2552 856 2584 καὶ
880 2556 940 2584 τῶν
966 2552 1063 2598 ἱερῶν.
