1892 3007
906 240 955 277 12

352 364 406 400 1⁰.
431 364 538 407 Quod
565 366 611 401 de
639 366 829 402 invasione
862 366 1029 402 Caesaris
1058 367 1096 401 in
1125 366 1357 403 Britanniam
1388 366 1554 403 Catullus

299 440 525 476 mentionem
561 440 705 487 injecit:
737 440 873 477 Caesar
900 442 1057 489 primam
1085 442 1124 477 in
1152 441 1382 478 Britanniam
1407 442 1556 489 expedi-

298 516 438 551 tionem
474 516 560 551 fecit
588 527 686 551 anno
715 515 817 561 698,
854 517 1007 553 alteram
1043 517 1195 552 ineunte
1217 518 1314 552 vere'
1339 516 1427 553 anni
1465 515 1554 552 699.

256 618 260 622 .
299 589 506 625 Verisimile
521 593 576 626 est
590 591 687 626 inter
700 591 860 637 primam
875 594 912 626 et
926 591 1079 626 alteram
1090 591 1360 638 expeditionem
1371 590 1555 627 Catullum

299 676 328 700 c.
356 664 408 700 29
431 665 639 712 scripsisse,
655 677 769 712 quum
793 666 832 700 in
854 677 896 701 eo
921 665 1010 712 (qua
1034 666 1080 701 de
1103 677 1144 701 re
1167 666 1279 713 infra)
1304 665 1497 702 Caesarem
1520 669 1557 702 et

301 740 516 787 Pompejum
536 752 703 777 socerum
728 752 980 787 generumque
1010 741 1126 784 dicat;
1157 753 1271 788 quum
1299 744 1423 777 autem
1446 742 1485 777 in
1514 753 1556 777 eo

299 819 396 851 esset
419 815 573 861 Caesar,
599 819 641 852 ut
660 816 746 851 inde
770 816 809 851 in
834 815 992 852 Galliam
1016 816 1168 862 rediret,
1193 817 1344 852 nuntius
1370 817 1403 852 ei
1427 816 1558 852 allatus

301 895 356 927 est
383 892 429 927 de
457 894 576 927 morte
604 891 732 928 Juliae.
764 891 860 934 Quid
889 892 1002 939 igitur
1031 890 1206 939 Scaligeri
1233 895 1450 939 argumento
1474 897 1562 940 pro-

300 967 439 1003 batur‘?
455 967 639 1003 Catullum
654 979 728 1003 non
744 968 894 1014 quidem
920 971 1106 1004 mortuum
1131 980 1211 1004 esse
1234 980 1330 1004 anno
1355 961 1432 1003 69²7
1444 996 1454 1013 ,
1468 968 1559 1004 vixit

302 1043 402 1079 enim
418 1046 576 1079 exeunte
591 1042 691 1087 6983
712 1043 777 1078 sed
797 1043 884 1079 huic
907 1054 1004 1079 anno
1028 1046 1174 1090 poetam
1198 1044 1433 1091 superstitem
1447 1044 1560 1081 fuisse

303 1118 390 1153 inde
418 1118 538 1165 colligi
566 1130 641 1154 non
669 1121 800 1166 potest.

361 1194 413 1229 2⁰.
451 1193 606 1229 Etiamsi
645 1193 823 1228 Martialis
861 1204 901 1229 re
943 1205 1029 1228 vera
1058 1194 1200 1240 putavit
1233 1193 1415 1230 Catullum
1448 1195 1560 1229 fuisse

302 1268 494 1316 aequalem
517 1271 554 1304 et
578 1268 797 1304 familiarem
822 1268 995 1315 Vergilii,
1019 1268 1111 1304 nihil
1134 1272 1259 1304 tamen
1278 1269 1364 1306 inde
1383 1269 1559 1316 sequitur.

302 1343 399 1379 Nam
422 1344 559 1391 optime
587 1343 667 1379 fieri
694 1343 833 1390 potuit,
861 1346 902 1378 ut
930 1343 1126 1389 Martialis,
1157 1344 1218 1391 qui
1246 1346 1371 1391 poetas
1396 1343 1561 1380 Caesaris

303 1423 340 1454 et
355 1419 512 1466 Augusti
526 1422 733 1466 temporum
746 1446 755 1463 ,
770 1419 850 1454 eius
864 1419 1012 1463 aetatis,
1028 1430 1121 1465 quae
1135 1430 1246 1454 aurea
1262 1419 1394 1455 dicitur
1409 1419 1562 1455 Latinae

305 1505 473 1541 poeseos,
501 1497 555 1539 et,
579 1497 621 1529 ut
648 1505 694 1529 ex
721 1494 799 1540 ipsa
829 1494 882 1529 rei
912 1496 1045 1529 natura
1071 1496 1191 1541 patet,
1220 1494 1312 1529 fines
1341 1505 1414 1529 non
1442 1497 1561 1541 potest

301 1569 439 1605 habere
463 1572 583 1605 certos
612 1572 648 1604 et
673 1569 958 1614 determinatos,
983 1568 1206 1615 conjunctim
1230 1569 1437 1604 nominatos
1460 1580 1561 1605 acce-

301 1646 415 1693 perit,
444 1648 481 1681 et
518 1645 604 1682 inde
630 1656 802 1692 perverse
841 1643 1026 1681 Catullum
1057 1644 1247 1692 aequalem
1276 1647 1313 1680 et
1340 1645 1560 1681 familiarem

303 1721 414 1756 fuisse
434 1721 585 1767 Vergilii
613 1720 830 1765 crediderit,
855 1723 938 1764 aut,
955 1720 1052 1766 quod
1080 1721 1171 1755 mihi
1200 1721 1435 1755 verisimilius
1462 1721 1562 1755 vide-

303 1799 382 1841 tur,
412 1794 589 1832 Martialis
617 1795 709 1831 haec
746 1795 867 1831 dicere
902 1795 1036 1831 voluit:
1079 1794 1236 1842 “Magna
1262 1795 1422 1842 profecto
1450 1795 1563 1831 auda-

304 1873 360 1908 cia
382 1875 456 1917 est,
487 1872 585 1918 quod
609 1883 696 1918 ego,
722 1882 905 1918 nugarum
929 1874 1056 1918 poeta,
1087 1871 1173 1915 tibi,
1203 1870 1289 1915 Sili,
1323 1872 1386 1917 qui
1419 1871 1562 1917 epicum

304 1959 453 1984 carmen
477 1947 671 1984 condidisti
695 1958 892 1994 magnum,
920 1946 1061 1991 hercle,
1086 1949 1123 1982 et
1145 1946 1322 1991 sublime,
1346 1958 1456 1982 ausus
1480 1958 1562 1982 sum

304 2035 388 2060 mea
415 2024 562 2059 mittere
591 2023 776 2067 carmina,
815 2022 879 2058 sed
908 2033 1082 2058 excusare
1111 2033 1231 2057 meam
1261 2022 1452 2057 audaciam
1481 2033 1563 2068 pos-

305 2111 406 2143 sum;
437 2099 592 2135 fortasse
621 2098 720 2134 enim
745 2096 824 2144 jam
853 2097 941 2133 olim
970 2096 1153 2142 Catullus,
1181 2100 1224 2133 ut
1256 2109 1343 2144 ego,
1381 2108 1561 2143 nugarum

305 2178 411 2221 poeta
425 2201 434 2219 ,
464 2185 574 2221 quem
604 2173 742 2208 imitari
768 2172 918 2217 studeo,
946 2184 1054 2207 suum
1077 2183 1260 2219 passerem
1286 2172 1367 2219 (sua
1382 2172 1562 2219 carmina)

305 2250 353 2285 ad
382 2260 569 2285 summum
595 2252 742 2295 poetam
767 2249 912 2295 epicum
938 2248 1160 2295 Vergilium,
1184 2259 1295 2295 quem
1323 2251 1364 2283 tu
1387 2247 1563 2283 aemulari

306 2325 470 2370 conaris,
492 2324 641 2360 mittere
663 2335 773 2360 ausus
799 2327 863 2360 est.
880 2344 933 2350 —
949 2323 1127 2359 Additum
1151 2322 1366 2359 vocabulum
1396 2321 1562 2359 “forsan'’

306 2402 413 2449 plane
441 2400 601 2437 ostendit
629 2401 783 2436 minime
811 2400 1014 2436 affirmasse
1043 2399 1267 2445 Martialem,
1295 2401 1439 2447 poetas,
1470 2411 1562 2446 quos

280 2477 484 2512 nominavit
511 2477 712 2512 familiares
741 2477 863 2511 fuisse.

362 2554 415 2589 3⁰.
456 2552 619 2588 Catullus
658 2564 728 2588 non
766 2552 936 2587 meminit
965 2551 1009 2587 de
1046 2551 1264 2598 triumphis,
1304 2562 1394 2598 quos
1433 2550 1566 2586 Caesar
