1892 3007
814 262 893 298 115

228 389 316 425 istos
342 369 530 432 rumores,
558 388 780 435 “omnesque
807 387 917 423 unius
947 386 1154 422 aestimavit
1196 385 1320 421 assis’'.
1362 385 1470 421 Suffi-

227 464 343 499 ciebat
379 464 447 509 ipsi
476 474 498 498 a
523 463 652 498 Lesbia
687 474 753 497 sua
781 463 920 506 amari,
952 465 987 497 et
1024 461 1139 497 multa
1178 461 1292 496 millia
1321 472 1404 496 cum
1432 472 1476 495 ea

226 537 399 586 perficere
433 537 640 574 osculorum
680 536 727 585 (c.
766 536 819 584 5).
859 535 930 573 Sed
967 548 1041 572 non
1081 536 1208 572 eodem
1247 536 1315 571 fuit
1351 535 1474 571 animo

228 614 357 649 Lesbia
394 614 449 649 vel
487 613 631 657 Clodia,
670 624 742 659 quo
781 612 955 648 Catullus.
985 613 1067 648 Non
1096 625 1170 648 uno
1200 614 1277 648 viro
1306 615 1476 647 contenta

224 764 329 798 initio
357 764 445 798 satis
474 764 577 798 facile
621 763 785 798 Catullus
813 764 1033 798 concessisse
1071 764 1215 798 videtur
1245 763 1292 809 (c.
1323 762 1395 807 68,
1424 775 1475 797 vs.

226 837 275 873 27
315 849 404 885 sqq,
433 849 484 874 vs.
528 837 604 874 135
632 849 720 885 sqq,
753 849 782 873 c.
813 837 892 886 82).
923 837 994 873 Sed
1024 850 1137 885 quum
1168 838 1408 873 intellexisset
1436 849 1474 873 se

225 925 298 949 non
336 914 450 964 amari
487 925 508 948 a
544 914 682 949 famoso
710 914 771 949 illo
800 917 919 949 scorto
948 914 1088 949 acerbis
1117 915 1155 948 in
1185 925 1265 948 eam
1295 914 1475 960 epigram·

224 972 333 1025 matis
362 989 525 1025 invectus
553 993 608 1025 est
636 992 673 1025 et
700 989 812 1025 flebili
842 992 973 1036 questu
997 990 1170 1025 miserum
1196 989 1309 1025 animi
1335 992 1470 1024 statum

224 1064 434 1110 descripsit,
463 1064 526 1111 qui
565 1064 720 1108 odisset,
750 1076 817 1099 nec
844 1067 967 1099 tamen
997 1075 1121 1099 amare
1148 1067 1269 1111 posset
1296 1064 1472 1098 desinere.

224 1139 281 1174 Ad
310 1139 472 1175 carmina
501 1139 631 1175 acerba
660 1142 696 1175 et
724 1140 954 1175 vehementia
979 1140 1164 1186 pertinent
1192 1151 1221 1175 c.
1238 1138 1309 1184 11,
1340 1151 1369 1175 c.
1400 1139 1471 1183 58,

221 1225 249 1249 c.
291 1213 360 1256 77,
404 1225 432 1249 c.
474 1213 534 1248 79.
566 1214 622 1248 Ad
651 1214 790 1249 flebiles
819 1215 897 1249 illos
926 1218 1054 1249 cantus
1082 1214 1357 1248 adnumeranda
1386 1217 1471 1248 sunt

227 1290 389 1324 carmina
428 1288 474 1334 8,
513 1288 582 1334 72,
622 1264 690 1334 7⁸6,
729 1289 790 1325 85.
830 1289 1002 1325 Carmina
1031 1290 1188 1336 denique
1216 1288 1293 1324 107
1324 1293 1360 1324 et
1390 1289 1468 1324 109

222 1364 341 1399 rixam
370 1367 533 1410 spectare
562 1364 732 1399 videntur
759 1365 855 1399 inter
884 1363 1066 1399 Catullum
1091 1367 1127 1398 et
1142 1363 1311 1398 Lesbiam
1328 1367 1468 1408 ortam,

222 1443 285 1474 aut
312 1451 376 1485 per
404 1440 551 1485 aliquod
578 1443 721 1485 tempus
750 1441 993 1485 interruptum
1016 1440 1112 1474 inter
1130 1443 1275 1485 poetam
1292 1440 1467 1486 puellam-

226 1525 296 1561 que
311 1524 494 1558 amorem,
518 1513 574 1548 eff.
601 1525 630 1549 c.
656 1512 707 1548 92
732 1516 769 1549 et
791 1524 820 1548 c.
838 1512 928 1548 104.
946 1512 1047 1555 Quae
1062 1513 1184 1548 omnia
1198 1513 1328 1549 melius
1344 1517 1468 1549 tamen

221 1591 528 1636 intelligerentur,
557 1591 587 1625 si
615 1593 713 1625 certa
742 1590 921 1636 quaedam
950 1577 1108 1624 affimari
1136 1593 1283 1636 possent
1307 1591 1352 1625 de
1376 1594 1467 1625 tem-

219 1676 326 1713 pore,
354 1677 428 1713 quo
456 1664 618 1721 Catullus
647 1665 788 1712 singula
820 1665 1063 1712 composuerit
1077 1665 1250 1701 carmina.
1267 1664 1349 1701 Non
1364 1665 1469 1701 facile

223 1742 353 1787 aliquis
391 1741 459 1776 sibi
497 1734 751 1787 persuadebit,
788 1744 933 1786 poetam
964 1742 1075 1775 etiam
1102 1745 1184 1786 post
1212 1744 1266 1775 tot
1294 1744 1469 1787 tantaque

220 1814 369 1851 Clodiae
429 1815 603 1860 crimina,
655 1819 743 1863 quot
798 1817 1006 1862 quantaque
1064 1814 1249 1850 Ciceronis
1301 1816 1463 1851 oratione

219 1902 284 1937 pro
340 1890 461 1926 Caelio
502 1902 567 1937 per
608 1891 798 1926 hominum
827 1901 891 1925 ora
924 1890 1108 1936 divulgata
1135 1893 1239 1934 sunt,
1283 1889 1465 1925 Catullum

219 1965 258 2000 in
309 1966 464 2011 gratiam
506 1976 589 2000 cum
631 1965 701 2001 ista
742 1964 895 2000 muliere
938 1964 1099 2000 rediisse.
1130 1964 1209 2006 Qua
1252 1965 1297 2000 de
1341 1976 1467 2001 caussa

216 2041 389 2087 suspicari
441 2040 527 2076 licet
577 2040 760 2075 Catullum
816 2051 902 2086 erga
960 2039 1128 2075 Lesbiam
1180 2051 1344 2076 amorem
1373 2052 1460 2076 con-

219 2116 376 2163 cepisse,
415 2127 528 2163 quum
580 2115 685 2151 XVII
736 2127 852 2151 annos
903 2118 1011 2151 natus
1062 2119 1178 2160 esset,
1223 2128 1320 2151 anno
1357 2116 1469 2163 igitur

218 2194 302 2226 ante
332 2190 416 2226 Chr.
447 2191 517 2235 59,
547 2203 617 2237 quo
646 2192 724 2237 ipso
752 2202 849 2225 anno
879 2193 1044 2225 mortuus
1059 2193 1113 2225 est
1129 2190 1276 2225 Clodiae
1291 2192 1467 2234 maritus,

220 2265 260 2308 Q.
291 2265 458 2302 Metellus
486 2265 599 2301 Celer.
632 2265 740 2301 Anno
769 2264 821 2300 56
851 2264 978 2300 Cicero
1004 2264 1168 2300 Caelium
1193 2265 1366 2301 defendit.
1397 2266 1468 2300 Per

219 2343 293 2376 tres
329 2341 440 2387 igitur
477 2352 593 2376 annos
632 2341 764 2375 durare
802 2341 921 2387 potuit
960 2340 1144 2375 vinculum
1159 2368 1168 2384 ,
1198 2341 1295 2387 quod
1322 2344 1466 2387 poetam

220 2428 302 2451 cum
328 2417 389 2451 illa
412 2417 551 2451 nefaria
580 2415 769 2462 conjunxit
796 2416 958 2451 muliere.
986 2414 1057 2450 Sed
1085 2427 1132 2450 ex
1160 2416 1219 2450 his
1246 2428 1340 2451 unus
1370 2417 1466 2451 exci-

218 2490 371 2537 piendus
400 2493 477 2535 est,
505 2501 577 2537 quo
606 2489 768 2525 Catullus
797 2489 1010 2525 Memmium
1038 2493 1243 2536 praetorem
1272 2491 1466 2526 comitatus

219 2569 274 2602 est
297 2567 334 2601 in
359 2566 581 2612 Bithyniam.
598 2565 751 2600 Videtur
766 2566 864 2600 enim
879 2566 940 2600 hie
954 2564 1148 2600 Memmius
1164 2566 1277 2600 fuisse
1294 2565 1333 2600 C.
1351 2565 1466 2601 Mem—

1402 2631 1441 2668 8.
