1892 3007
814 227 860 262 51

225 353 337 389 nicos.
353 352 425 389 Sed
447 352 525 400 jam
552 356 651 389 recte
680 352 861 400 Hauptius
890 352 1095 389 observavit
1124 354 1220 389 hanc
1249 353 1474 389 Pherenicen

224 429 328 465 ludos
355 432 499 465 tantum
527 432 728 476 spectasse,
757 440 831 464 non
859 432 985 464 tamen
1001 440 1113 476 equos
1139 429 1186 464 ad
1202 428 1369 477 Olympia
1393 430 1478 465 mit-

225 508 302 540 tere
331 508 540 551 consuetam
565 505 686 540 fuisse.
711 504 771 539 Nil
796 504 908 550 igitur
929 505 1022 541 haec
1045 505 1186 549 omnia,
1211 516 1305 551 quae
1327 505 1383 540 vir
1397 504 1478 540 Cla-

225 580 389 615 rissimus
411 580 580 627 protulit,
604 580 741 615 faciunt
764 580 811 614 ad
835 590 926 614 rem.
953 578 1025 614 Sed
1046 580 1165 626 ipsum
1182 579 1313 615 Catulli
1329 591 1476 615 carmen

224 656 423 692 faciliorem
461 655 634 703 praebere
671 655 1010 703 interpretationem
1038 659 1137 691 recte
1167 655 1348 703 Hauptius
1377 656 1476 692 vidit.

224 732 278 768 Ibi
299 733 399 768 enim
424 732 579 778 legimus
594 733 660 768 hos
675 743 800 768 versus
816 732 975 767 multum
989 735 1088 767 certe
1102 735 1269 778 tempore
1284 735 1433 767 vexatos
1453 735 1475 766 ¹.

403 859 602 894 “Ahjunctae
625 859 731 894 paullo
753 860 829 887 ante
850 865 960 886 comae
982 866 1054 886 mea
1072 859 1145 886 ‚sata
1169 866 1294 887 sorores

440 920 647 959 “Lugebant,
669 928 742 949 cum
765 927 800 948 se
821 920 1001 948 Memnonis
1026 919 1198 955 Aethiopis

402 982 572 1019 “Unigena
594 982 761 1018 impellens
780 982 980 1013 metantibus
1002 983 1079 1011 aera
1101 982 1216 1018 pennis

439 1044 584 1074 “Obtulit
606 1044 760 1073 Arsinoes
782 1045 940 1073 Locridos
961 1045 1029 1073 ales
1052 1043 1187 1081 equus.’'

279 1160 375 1196 Olim
390 1163 512 1195 autem
526 1160 565 1195 in
579 1160 707 1196 ultimo
723 1172 829 1196 versu
843 1161 1018 1207 scriptum
1032 1161 1144 1196 fuisse
1160 1159 1260 1195 “alis
1275 1163 1404 1209 equos'’
1421 1163 1473 1196 uti

224 1247 323 1271 nunc
335 1236 446 1270 etiam
461 1235 497 1270 in
514 1235 636 1271 codice
651 1235 896 1271 Laurentiano
906 1235 1039 1282 legitur
1048 1263 1057 1280 ,
1069 1235 1268 1271 admodum
1279 1237 1475 1271 verisimile

224 1314 289 1347 est.
329 1310 433 1353 Quod
461 1322 543 1346 cum
572 1311 800 1357 grammatici
828 1322 903 1346 non
931 1311 1194 1358 intelligerent,
1224 1312 1359 1359 opinati
1389 1316 1475 1347 sunt

225 1386 426 1422 Berenicen
450 1398 562 1434 equos
586 1387 735 1431 aluisse,
761 1390 797 1422 et
824 1387 1012 1434 ingeniosa
1040 1391 1137 1424 certe
1166 1388 1373 1435 conjectura
1397 1389 1473 1424 visa

224 1466 298 1507 est,
313 1463 350 1498 id
364 1463 530 1509 reginam
545 1463 671 1498 fecisse
680 1491 689 1508 ,
699 1466 740 1498 ut
750 1464 788 1498 in
800 1462 977 1511 Olympiis
988 1464 1147 1511 praemia
1157 1468 1358 1512 reportaret
1368 1465 1471 1500 ludis.

278 1537 350 1574 Sed
381 1538 460 1584 jam
497 1539 585 1574 satis
622 1539 667 1573 de
704 1538 898 1584 Berenice,
928 1538 1090 1575 Catullus
1127 1551 1193 1575 nos
1228 1541 1274 1575 ad
1302 1552 1342 1576 se
1369 1552 1473 1576 revo-

224 1617 292 1650 cat.
344 1614 461 1662 Supra
507 1618 629 1650 autem
676 1626 720 1650 ex
765 1615 899 1662 Hygini
950 1616 1159 1651 narratione
1214 1620 1470 1662 argumentum

225 1691 361 1737 elegiae
398 1691 632 1737 cognovimus
668 1693 705 1725 et
741 1691 810 1726 hoc
846 1691 964 1738 ipsum
1006 1694 1260 1738 argumentum
1300 1704 1372 1727 non
1410 1705 1473 1739 po-

223 1769 294 1801 test
330 1766 434 1801 nobis
472 1777 545 1801 non
583 1766 779 1801 admodum
817 1767 951 1801 mirum
984 1770 1021 1801 et
1062 1778 1082 1801 a
1125 1770 1247 1802 nostra
1291 1768 1471 1813 cogitandi

225 1842 366 1877 ratione
401 1853 549 1888 prorsus
587 1842 747 1877 alienum
775 1842 901 1878 videri.
932 1841 1004 1877 Sed
1033 1842 1070 1877 id
1098 1842 1216 1889 ipsum
1245 1846 1346 1887 erat,
1375 1844 1472 1890 quod

225 1915 487 1961 Callimachus,
516 1917 613 1963 quod
642 1916 900 1961 Alexandrini,
929 1917 1025 1963 quod
1055 1917 1186 1952 deinde
1214 1917 1469 1964 Romani,qui

224 2003 285 2027 eos
327 1992 584 2037 imitabantur,
613 1992 866 2036 sectabantur,
902 2003 996 2028 nova
1019 1995 1130 2039 atque
1155 1993 1338 2038 inaudita,
1379 2005 1471 2029 novo

224 2078 368 2114 quoque
389 2070 499 2114 atque
519 2068 681 2103 inaudito
703 2067 810 2103 modo
831 2067 1002 2114 proferre.
1018 2067 1094 2102 Nec
1107 2067 1213 2102 laude
1227 2068 1297 2103 hoc
1311 2069 1471 2104 studium

224 2144 358 2188 caruit,
379 2155 499 2190 neque
519 2144 614 2191 apud
635 2144 823 2190 aequales,
839 2155 958 2190 neque
978 2143 1074 2190 apud
1096 2147 1268 2190 posteros.
1285 2144 1364 2179 Jam
1381 2145 1472 2180 vidi-

207 2234 211 2237 ·
224 2230 322 2263 mus,
338 2222 562 2265 quantopere
582 2219 628 2254 ab
642 2218 853 2265 aequalibus
869 2217 996 2254 doctus
1009 2222 1115 2266 poeta
1130 2223 1253 2254 noster
1268 2220 1470 2256 celebratus

224 2294 281 2330 sit.
306 2293 553 2329 Posteriorum
575 2294 814 2341 interpretum
838 2305 953 2341 pauca
976 2294 1222 2329 adscribemus
1244 2295 1470 2340 testimonia,

223 2372 264 2404 ut
295 2369 380 2404 inde
402 2372 543 2415 pateat,
587 2373 810 2416 quantopere
839 2369 884 2405 iis
908 2381 1052 2416 quoque
1074 2370 1237 2405 doctrina
1268 2368 1471 2405 Catulliana

224 2443 391 2491 placeret.

263 2557 269 2576 ¹
296 2555 350 2583 Vs.
373 2554 409 2583 51
435 2562 505 2591 sqq.
