1892 3007
915 233 965 267 86

320 360 390 403 22,
429 359 499 403 34,
539 359 626 406 83),
656 360 730 395 sive
758 360 795 394 in
824 361 945 407 priore
969 363 1149 395 commate
1178 359 1215 394 in
1246 360 1331 394 sede
1360 359 1472 394 altera
1503 360 1567 394 tri-

320 433 474 480 brachys
512 434 660 480 legitur,
700 435 774 469 sive
814 434 954 469 iambus
985 431 1205 483 (tribrachys
1246 445 1295 468 vs.
1327 433 1396 476 22,
1426 433 1567 467 iambus

321 509 392 552 34,
433 508 501 552 73,
542 508 609 556 86)
652 512 673 544 ¹.
705 509 745 543 In
775 509 887 544 altera
917 509 1025 555 hujus
1055 509 1245 544 commatis
1273 509 1357 544 sede.
1387 519 1563 554 nusquam

320 584 452 629 legitur
474 586 709 630 anapaestus,
734 595 852 630 neque
876 584 945 629 legi
974 587 1101 629 potest.
1120 583 1179 618 Vs.
1208 583 1230 617 8
1247 583 1356 628 igitur
1376 583 1567 628 legendum

322 662 394 693 est:
448 659 666 704 “typanum'’
705 662 745 692 ut
781 670 889 704 supra
913 658 991 703 jam
1031 658 1368 692 demonstravimus.
1399 657 1562 702 Denique

320 744 392 767 non
422 736 540 779 potest
564 732 696 767 hahere
725 732 852 767 ultima
881 732 984 767 sedes
1015 733 1243 775 trochaeum,
1273 743 1383 778 quam
1414 731 1459 766 ob
1488 742 1564 766 rem

321 818 447 841 cavere
484 806 645 841 Nobbius
692 806 796 851 jubet
841 809 875 850 ²¹,
918 818 963 841 ne
1007 818 1057 841 vs.
1102 806 1152 841 46
1196 808 1232 840 in
1276 806 1409 854 ubique
1447 806 1567 841 media

321 880 456 926 syllaba
504 880 609 926 longa
657 880 843 915 habeatur.
885 879 923 915 Si
962 881 1059 914 enim
1096 879 1228 927 ubique
1262 880 1358 915 idem
1397 880 1489 914 valet
1525 890 1568 914 ac

321 964 483 1004 πανταχοῦ
512 955 669 989 mediam
698 954 911 1000 productam
941 955 1059 989 habet.
1091 954 1210 995 Quum
1240 957 1361 989 autem
1390 954 1568 1000 significet

320 1031 353 1065 h.
370 1030 391 1064 l.
426 1030 483 1065 “et
512 1028 614 1074 ubi”,
642 1029 800 1065 mediam
830 1030 959 1075 corripi
994 1029 1100 1064 licere
1131 1029 1196 1064 Vir
1225 1029 1462 1064 Doctissimus
1492 1029 1566 1075 opi-

323 1108 450 1147 natur,
481 1106 566 1150 quia
594 1105 632 1138 in
665 1098 830 1139 “ubivis'’
864 1116 1006 1150 quoque
1034 1105 1154 1139 media
1178 1105 1392 1150 corripiatur
1406 1107 1442 1138 et
1460 1102 1565 1138 “ubi”

320 1179 471 1225 simplex
510 1178 677 1212 ultimam
705 1178 837 1213 habeat
869 1178 1076 1224 ancipitem.
1121 1178 1352 1213 Ahlwardtus
1394 1177 1564 1223 conjecit:

324 1255 382 1288 “et
421 1252 523 1297 abb-„⁷
552 1253 609 1288 cui
641 1253 727 1287 licet
755 1252 971 1299 obloquatur
1001 1252 1181 1297 Nobbius,
1210 1253 1323 1288 multa
1351 1252 1460 1288 habet
1488 1253 1566 1298 qui-

317 1327 702 1363 buscommendatur.
736 1326 795 1362 Sic
833 1328 980 1362 tandem
1019 1327 1063 1362 ad
1095 1328 1204 1362 finem
1242 1327 1493 1373 disputationis
1522 1327 1566 1361 de

321 1401 531 1437 Galliambis
561 1402 808 1447 pervenimus,
847 1413 937 1447 quos
982 1402 1148 1436 videmus
1179 1402 1380 1445 Catullum,
1409 1402 1565 1448 quodam

320 1489 384 1513 suo
408 1488 510 1512 more
537 1479 574 1511 ct
602 1476 738 1522 magis,
770 1488 879 1522 quam
910 1477 1020 1511 ceteri
1063 1477 1182 1512 Latini
1210 1480 1337 1523 poetae
1365 1489 1386 1512 a
1414 1477 1568 1512 Graeco-

320 1564 402 1587 rum
426 1550 687 1586 consuetudine
710 1550 961 1594 aberrantem,
988 1551 1171 1586 effinxisse
1188 1554 1212 1586 ³.
1238 1552 1283 1586 Ut
1298 1551 1397 1586 brevi
1412 1563 1489 1586 rem
1504 1551 1566 1586 ab-

321 1627 522 1669 solvamus,
544 1626 613 1660 hae
636 1626 773 1660 formae
798 1630 903 1670 sunt,
935 1637 1028 1672 quae
1051 1626 1146 1673 apud
1171 1626 1351 1661 Catullum
1380 1627 1564 1672 leguntur:

342 1724 373 1755 1.
390 1739 793 1754 vv———vv-——
815 1718 820 1766 Ι
844 1739 1227 1754 ψυ-ψψψψψ
1246 1733 1294 1754 vs.
1319 1723 1364 1754 54
1391 1722 1559 1766 (dubius).

342 1827 363 1858 2
367 1843 783 1858 vvvvvvvvv
806 1822 811 1869 Ι
836 1841 1176 1856 vvvvvvv
1205 1836 1249 1857 vs.
1276 1826 1322 1858 60
1351 1825 1520 1868 (dubius).

341 1930 372 1961 3.
390 1946 782 1961 vvvvvvvv
805 1925 810 1972 Ι
836 1944 1172 1959 vvvvvvv
1200 1938 1246 1960 vs.
1273 1928 1319 1959 14
1343 1931 1376 1960 et
1403 1927 1446 1959 35
1462 1925 1485 1959 ⁴.

312 2057 405 2087 quam
427 2048 506 2078 illud
527 2041 709 2082 {madm-
733 2047 817 2085 quod
840 2047 1010 2077 concurrit.
1031 2048 1048 2076 I
1069 2055 1248 2077 consonans
1266 2048 1316 2077 est
1344 2049 1377 2077 et
1397 2047 1478 2077 duae
1499 2055 1571 2077 con-

310 2113 460 2141 sonantes
479 2112 658 2146 producunt
683 2111 838 2147 syllabam
870 2110 1130 2147 antecedentem,
1154 2110 1238 2146 quod
1261 2111 1425 2146 ignorasse
1447 2110 1573 2139 videtur

309 2174 488 2203 Naudetius
509 2181 538 2208 p.
563 2173 631 2201 222.

351 2238 359 2257 ¹
383 2235 496 2264 Nobbe
519 2243 548 2270 p.
576 2236 612 2263 19
637 2243 683 2271 sq.

347 2298 359 2317 2
383 2296 497 2325 Nobbe
520 2304 548 2331 p.
573 2297 612 2324 ‘20
635 2304 681 2332 sq.

346 2362 357 2380 ³
381 2360 553 2388 Hermann.
579 2358 680 2386 Elem.
706 2359 817 2386 Doctr.
837 2359 949 2394 Metr.‚
973 2366 1001 2392 ρ.
1025 2358 1092 2386 505.

345 2423 357 2442 ⁴
381 2421 433 2451 Vs.
456 2421 494 2449 14
526 2421 635 2449 textus
667 2427 794 2456 quoque
829 2420 922 2448 valde
953 2419 1053 2448 variis
1090 2420 1228 2447 vexatur
1249 2419 1460 2454 conjecturis:
1483 2420 1569 2448 recte

311 2484 439 2520 scripsit
459 2483 705 2513 Lachmannus:

559 2544 708 2581 “Aliena‚
730 2554 806 2581 quae
824 2546 964 2581 petentes
985 2544 1066 2571 velut
1087 2543 1187 2571 eoeules
1210 2542 1307 2571 locem
