1892 3007
942 225 993 262 52

396 355 528 392 Mureti
569 356 614 392 de
651 367 692 392 ea
731 367 771 391 re
807 356 917 392 verba
957 355 1035 402 jam
1075 367 1183 403 supra
1207 355 1444 392 laudavimus.
1483 356 1595 392 Janus

341 432 464 467 Douza
493 432 541 467 fil.
571 432 676 467 initio
719 432 845 478 capitis
884 425 977 467 VIII‘
998 432 1042 467 ad
1073 432 1254 467 Catullum
1293 435 1463 467 notarum
1505 433 1596 467 haec

340 507 492 554 profert:
553 506 686 542 “Extat
741 507 837 542 inter
884 507 954 543 alia
1011 506 1142 542 Catulli
1194 507 1366 554 opuscula
1429 494 1596 555 pulcher-

344 583 501 618 “rimum
537 594 625 618 sane
664 583 878 619 Poemation
916 584 961 619 de
999 583 1112 618 Coma
1154 583 1365 628 Berenices,
1410 595 1455 618 ex
1491 583 1597 619 Calli-

347 657 502 693 “macho
546 670 777 705 expressum,
822 659 924 706 cujus
967 659 1104 695 Graeca
1146 659 1271 706 Elegia
1311 660 1342 695 si
1370 671 1442 695 non
1470 659 1596 695 eadem

347 733 451 768 “cum
480 734 630 781 reliquis
655 734 733 780 ejus
757 735 940 781 plerisque
963 734 1132 770 omnibus
1152 735 1294 781 scriptis
1318 734 1489 781 injuriam
1503 737 1597 769 tem-

348 809 466 856 “poris
502 821 607 856 passa
642 810 787 854 fuisset,
830 811 1066 846 vehementer
1094 812 1273 846 conferret
1299 810 1345 845 ad
1374 810 1596 845 efformanda

346 884 503 931 “judicia
527 888 636 932 atque
660 886 802 921 animos
826 889 972 922 nostros
998 886 1042 921 iis
1063 886 1222 933 legibus,
1251 896 1345 933 quae
1374 897 1439 921 nos
1467 885 1597 921 docent

345 961 550 1007 “quomodo
581 961 833 997 adumbranda
862 974 905 997 ac
932 963 1185 998 transferenda
1214 963 1289 997 sint
1317 961 1472 1005 Graeca,
1502 961 1597 1008 quod

346 1036 413 1071 “ex
442 1040 547 1083 parte
577 1040 700 1072 tamen
729 1038 866 1072 faciunt
895 1039 985 1073 haec
1013 1044 1285 1087 ἀποσπασμάτια,
1315 1048 1408 1084 quae
1437 1049 1457 1072 e
1486 1037 1598 1072 Grae-

344 1113 417 1147 “cis
449 1112 705 1148 Grammaticis
730 1113 828 1148 velut
851 1113 991 1160 pluvias
1015 1124 1128 1160 aquas
1150 1113 1352 1159 colligimus
1374 1113 1420 1148 ad
1443 1113 1597 1159 irrigan-

351 1188 457 1223 “dam
489 1188 626 1234 ingenii
654 1188 767 1223 nostri
789 1188 1016 1233 ariditatem,
1042 1200 1135 1235 quae
1159 1192 1281 1223 tamen
1306 1188 1423 1234 magis
1446 1188 1595 1223 salivam

346 1264 475 1299 “nohis
505 1267 673 1309 movent,
703 1276 813 1311 quam
843 1264 988 1312 explent
1016 1265 1196 1311 gustum.”
1231 1264 1393 1299 Eandem
1418 1265 1492 1299 fere
1515 1275 1597 1298 sen-

343 1341 497 1376 tentiam
540 1341 632 1376 dixit
670 1341 820 1376 Vossius
839 1343 870 1375 ¹:
901 1341 994 1375 “Vix
1023 1341 1224 1387 elegantius
1253 1351 1400 1376 carmen
1429 1339 1595 1375 Romano

343 1418 537 1451 “sermone
566 1416 741 1463 scriptum
779 1416 1017 1460 haberemus,
1054 1417 1084 1451 si
1122 1416 1430 1463 quemadmodum
1459 1415 1547 1450 illud
1576 1427 1595 1450 e

340 1491 587 1526 “Callimacho
612 1492 790 1538 expressit
814 1491 996 1536 Catullus,
1012 1492 1063 1526 ita
1079 1503 1223 1538 quoque
1237 1492 1306 1526 hoc
1321 1494 1445 1526 nostro
1459 1491 1596 1537 legere-

340 1569 424 1601 “tur
460 1567 591 1602 seculo.
610 1595 617 1602 .
636 1595 642 1603 .
661 1595 668 1602 .
709 1567 865 1603 efficiam
902 1570 943 1603 ut
980 1579 1052 1602 non
1082 1568 1119 1602 in
1149 1567 1247 1602 coelo
1275 1570 1439 1611 tantum,
1467 1567 1530 1602 sed
1559 1572 1595 1601 et

341 1642 427 1677 “hic
451 1654 598 1689 quoque
622 1643 783 1678 lucidum
809 1643 1004 1690 splendeat*
1023 1642 1216 1678 Berenices
1238 1642 1483 1689 capillitium.’'
1502 1642 1608 1678 Doe-‘

344 1718 485 1764 ringius
499 1719 536 1753 in
553 1718 676 1765 priore
690 1718 850 1754 editione
864 1718 961 1753 dolet
976 1718 1164 1754 interitum
1182 1717 1395 1753 Callimachi
1405 1718 1593 1765 poematis,

342 1794 439 1840 quod
456 1794 620 1841 voluptas
645 1806 790 1830 omnem
815 1794 1011 1829 Catulliani
1027 1794 1198 1829 carminis
1213 1793 1433 1840 percipiendi
1448 1794 1593 1839 elegan-

338 1869 426 1903 tiam
471 1880 514 1903 ea
559 1879 598 1903 re
645 1869 749 1904 nobis
788 1872 912 1915 erepta
949 1869 1006 1904 sit.
1054 1868 1157 1911 Quae
1197 1869 1234 1902 in
1277 1868 1391 1903 altera
1435 1868 1593 1903 editione

341 1944 492 1991 protulit
529 1943 707 1990 majorem
738 1944 846 1979 etiam
877 1947 1058 1979 testantur
1084 1944 1375 1980 admirationem.
1406 1943 1465 1979 Sic
1494 1945 1590 1979 enim

339 2019 407 2054 ait:
436 2019 553 2055 “Nam
578 2020 609 2054 si
631 2020 721 2055 illud
745 2022 927 2055 servatum
947 2022 1060 2064 esset,
1085 2031 1158 2055 non
1192 2019 1309 2055 solum
1343 2031 1487 2054 summa
1510 2031 1591 2063 ars,

340 2097 436 2140 “qua
465 2095 730 2140 elegantiarum
759 2098 881 2141 pater,
912 2095 1097 2139 Catullus,
1127 2094 1340 2130 Callimachi
1370 2107 1515 2130 carmen
1546 2095 1591 2129 de

339 2170 465 2204 “coma
491 2169 685 2205 Berenices
703 2168 842 2204 Latinis
856 2169 1019 2204 numeris
1034 2169 1290 2214 adstrinxerit,
1306 2169 1589 2216 perspiceretur,

339 2245 426 2280 “sed
454 2245 674 2300 haberemus
703 2257 847 2292 quoque
875 2245 1032 2293 Lydium
1063 2246 1165 2292 quasi
1194 2245 1371 2292 lapidem,
1407 2245 1452 2280 ad
1481 2256 1589 2292 quem

337 2321 516 2355 “rectiora
544 2331 565 2355 a
589 2321 712 2355 minus
736 2321 844 2355 rectis
868 2323 906 2355 et
926 2320 1149 2366 elegantiora
1173 2332 1195 2355 a
1219 2321 1340 2356 minus
1365 2321 1589 2369 elegantibus

374 2550 380 2569 ι
407 2547 467 2577 Ad.
492 2547 586 2576 carm
609 2547 731 2575 var.
754 2555 783 2583 p,
806 2529 865 2576 256
887 2548 918 2576 in
943 2548 993 2576 ed.
1014 2548 1089 2576 anni
1114 2549 1202 2577 1684.
