1892 3007
827 249 878 285 65

226 392 351 418 versus
369 391 441 416 non
455 382 629 415 mutatur.
646 379 764 422 Quam
779 380 825 416 ob
839 391 1006 416 caussam
1020 381 1056 416 in
1077 380 1163 416 sede
1171 380 1289 427 prima
1301 391 1481 416 nonnum-

227 468 338 503 quam
362 453 571 503 spondaeus
582 482 591 500 ,
607 440 1045 503 nonnumquamquoque
1054 454 1410 504 proceleusmaticus
1423 467 1482 492 re-

226 531 366 577 peritur
376 558 385 576 ‚
400 530 438 565 in
453 530 566 565 altera
581 541 689 577 saepe
703 528 921 579 tribrachys,
936 542 1030 578 quae
1045 530 1140 577 apud
1157 529 1339 566 Catullum
1354 534 1477 566 tamen

227 607 264 642 in
288 606 397 641 tertia
421 616 622 651 numquam
645 605 862 641 admittitur.
890 606 1110 642 Posterioris
1125 606 1316 641 commatis
1330 617 1394 653 pes
1408 607 1481 654 pri-

227 693 309 716 mus
332 684 476 728 praeter
490 683 732 728 anapaestum
747 684 865 727 potest
880 691 960 715 esse
974 680 1183 728 spondaeus
1199 684 1262 716 aut
1272 680 1483 729 proceleus-

228 755 385 792 maticus
395 784 404 801 ,
416 756 513 803 quod
529 756 626 791 idem
642 756 721 791 fieri
736 756 773 791 in
789 756 874 791 sede
888 756 1018 803 prioris
1034 757 1227 792 commatis
1240 757 1360 804 prima
1375 757 1483 792 modo

228 832 398 867 diximus.
423 831 491 866 Pes
507 831 599 867 alter
619 843 727 878 saepe
740 860 749 876 ,
763 835 804 867 ut
819 843 944 867 versus
960 832 1111 867 celerior
1134 833 1202 877 sit,
1218 833 1255 867 in
1271 832 1481 880 tribrachyn

228 910 402 942 mutatur.
443 906 610 953 Denique
650 907 764 953 (quod
801 911 925 942 tamen
960 908 1056 954 apud
1094 907 1277 942 Muretum
1306 908 1482 954 scriptum

228 993 301 1017 non
331 981 528 1029 video)vob
556 982 752 1029 ancipitem
784 983 936 1018 ultimae
971 982 1146 1029 cujusque
1173 993 1298 1017 versus
1326 982 1485 1030 syllabae

228 1059 492 1104 quantitatem,
521 1069 585 1104 pes
608 1058 759 1093 ultimus
785 1062 848 1093 aut
872 1056 1014 1093 iambus
1036 1062 1110 1102 est,
1134 1061 1197 1093 aut
1219 1057 1314 1093 duas
1338 1061 1481 1093 tantum

229 1133 391 1168 continet
419 1132 542 1168 breves
570 1131 750 1181 syllabas.

285 1207 366 1242 Alia
410 1208 587 1254 quaedam
629 1192 871 1242 Terentianus
912 1208 1081 1251 Maurus,
1121 1208 1222 1253 cujus
1260 1208 1369 1242 verba
1404 1208 1483 1242 Mu-

229 1286 329 1318 retus
365 1282 505 1327 attulit,
540 1281 733 1318 tradidisse
770 1282 923 1318 videtur.
963 1282 1020 1318 Ad
1059 1282 1155 1318 idem
1185 1285 1308 1318 tamen
1338 1286 1375 1317 et
1403 1281 1481 1328 ejus

228 1361 418 1404 praecepta
447 1359 612 1393 redeunt.
644 1358 704 1393 Sic
732 1359 829 1393 enim
859 1359 1021 1404 scripsit:

405 1486 515 1514 “Hoc¹
545 1485 571 1513 si
595 1485 641 1513 sic
663 1486 866 1520 repetamus,
889 1486 923 1513 ut
947 1484 1087 1513 secundo

406 1546 612 1582 “Supremam
635 1546 712 1574 dare
735 1545 890 1583 syllabam
913 1553 1067 1581 negemus

406 1609 546 1638 “Juncto
570 1610 745 1645 commate,
767 1608 967 1637 Galliambus
989 1608 1072 1637 exit:

405 1670 546 1707 “Seyetes
566 1680 661 1698 meum
685 1669 828 1698 laborem.
852 1669 973 1707 Seyetes
996 1648 1092 1697 meu-m
1115 1670 1183 1698 labo
1194 1669 1252 1690 —’'

406 1733 527 1763 “Sonat
548 1732 609 1762 hoc
633 1732 768 1762 subinde
790 1733 894 1762 metro
917 1731 1108 1769 Cybeleium
1130 1740 1259 1770 nemus3

405 1796 615 1833 “Nomenque
637 1796 825 1825 Galliambis
845 1797 1041 1824 memoratur
1062 1795 1136 1823 hinc
1157 1795 1283 1832 datum,

403 1858 591 1887 “Tremulos
613 1858 699 1895 quod
722 1865 793 1886 esse
815 1857 918 1887 Gallis
941 1857 1066 1886 habiles
1087 1858 1203 1892 putant
1224 1857 1351 1889 modos:

404 1921 514 1949 “Adeo
538 1923 574 1950 ut
595 1920 783 1957 frequenter
805 1920 894 1949 illum
917 1927 1017 1955 prope
1040 1919 1080 1948 ab
1103 1919 1214 1948 ultimo
1235 1919 1365 1955 pedem,

404 1983 516 2018 “Mage
540 1990 603 2019 quo
629 1989 727 2011 sonus
750 1981 912 2018 vibretur,
940 1982 1092 2010 studeant
1113 1981 1190 2009 dare
1214 1980 1402 2018 vibrat-hyn,

405 2045 623 2081 “Anapaestus
645 2051 719 2073 esse
741 2044 877 2080 primus,
899 2044 1070 2082 spondaeus
1092 2044 1125 2072 et
1146 2043 1245 2072 solet:

405 2107 497 2135 “Duo
520 2107 593 2141 post
615 2106 709 2134 erunt
729 2104 840 2142 iambi,
862 2104 1074 2142 tribrachysue
1097 2105 1283 2141 subjicitur,

405 2168 624 2212 “Linquitque
645 2175 769 2197 comma
790 2167 925 2203 primum
948 2166 1169 2196 catalecticam
1192 2166 1316 2195 brevem.

404 2230 611 2259 “Pax-iambus
634 2231 666 2258 et
688 2228 833 2258 trochaei
855 2229 917 2257 dno
940 2236 1063 2257 comma
1085 2230 1267 2265 posterum,

403 2291 648 2329 “stibna-hym
669 2290 897 2327 continebunt,
921 2297 1017 2326 super
1037 2291 1135 2326 atque
1158 2289 1293 2327 semipes.

404 2355 579 2385 “servasse
601 2361 684 2392 quae
706 2352 869 2382 Catullum
893 2352 1007 2388 probat
1029 2353 1098 2388 ipse
1120 2352 1179 2381 tibi
1201 2352 1284 2380 liber

404 2416 523 2453 “Super
546 2415 615 2444 alta
636 2417 738 2443 vectus
760 2414 849 2442 Attis
870 2413 1055 2442 celeri-rate
1077 2412 1212 2441 maria.''

237 2572 239 2574 “
265 2577 273 2596 ¹
298 2575 349 2605 Sc.
372 2574 505 2604 Comma
526 2574 672 2603 Ionicum
695 2581 715 2602 a
735 2573 867 2602 minore.
