2525 3629
1328 426 1378 463 68

737 549 829 590 “Qui
859 562 903 584 ex
931 552 1070 586 duobus
1098 552 1203 595 colis,
1229 553 1264 586 id
1294 556 1347 586 est
1376 553 1530 587 dimetro
1554 553 1769 597 acatalecto,
1794 554 1984 598 subjuncto

739 624 916 659 “dimetro
946 625 1171 668 catalectico,
1201 637 1385 660 connexus
1416 626 1589 670 habetur,
1621 630 1661 662 ut
1691 630 1783 667 est,:

934 736 1091 778 “Seyetes
1116 744 1215 767 meum
1240 735 1393 767 laborem.
1420 737 1551 777 θερείας
1577 746 1663 768 meus
1688 737 1783 768 labor

953 790 1387 818 Vv—'v—'N-l—,-—'
1413 791 1771 819 νν-’κ-ϊ-,ν-

736 892 930 927 “Subsistit
966 904 1011 927 ex
1049 893 1264 938 pariambis,
1294 894 1465 928 admixtis
1496 895 1696 938 trochaeis,
1726 895 1817 928 sicut
1846 895 1981 928 dictum

735 969 830 1010 (Ῥεῖ,
859 966 998 1001 alterna
1026 967 1122 1009 vice,
1148 978 1230 1001 cum
1259 967 1376 1012 longis
1408 967 1533 1002 breves
1562 968 1820 1002 aut-brevibus
1850 968 1978 1012 longae

735 1040 1008 1085 “subjiciuntur.
1045 1040 1253 1076 Memineris
1292 1044 1413 1076 tamen
1454 1045 1489 1076 et
1538 1041 1746 1088 tribrachyn
1791 1042 1865 1075 loco
1909 1045 1981 1075 tro-

734 1116 857 1149 “chaei
896 1116 964 1149 hoc
1003 1118 1180 1158 metrum,
1218 1116 1248 1149 si
1289 1115 1483 1150 necessitas
1520 1115 1728 1160 postularit,
1770 1115 1978 1155 admittere,

734 1192 875 1235 “neque
898 1190 1140 1224 adcrescentis
1164 1190 1323 1235 syllabae
1350 1201 1561 1232 numerum,
1588 1201 1669 1223 cum
1691 1190 1727 1223 in
1758 1189 1978 1234 temporibus

732 1264 873 1298 “omnis
910 1264 1002 1298 ratio
1032 1263 1274 1306 custodiatur,
1304 1264 1469 1306 officere,
1506 1266 1547 1297 ut
1585 1264 1652 1297 hoc
1690 1263 1977 1308 galliambicum‚

731 1338 850 1383 “quod
887 1337 1066 1371 solutione
1101 1338 1343 1383 complurium
1381 1337 1600 1383 syllabarum
1632 1337 1867 1383 compositum
1900 1341 1977 1375 est,

730 1415 791 1446 “ut
821 1410 946 1447 “vocat
974 1410 1146 1458 ayiliter''
1176 1412 1283 1446 sunt”
1304 1414 1326 1446 ¹.

785 1485 883 1521 Idem
912 1487 983 1521 alio
1011 1486 1138 1521 100022
1169 1486 1246 1520 “Ex
1284 1487 1351 1521 hoc
1394 1485 1670 1520 Galliambicum
1711 1486 1805 1532 quod
1850 1489 1977 1519 vocant

729 1563 930 1605 “metrum,
946 1562 1108 1595 emollita
1131 1572 1173 1595 ac
1187 1561 1341 1595 tremula
1358 1560 1603 1595 modulatione
1619 1560 1810 1594 formatum
1828 1569 1976 1594 manare

728 1635 959 1670 “dinoscitur.
990 1635 1083 1669 Nam
1122 1636 1151 1669 si
1191 1646 1331 1669 comma
1361 1635 1558 1680 superioris
1587 1635 1750 1668 versiculi
1781 1634 1975 1679 repetendo

729 1710 1011 1755 “geminaveris,
1042 1710 1089 1743 ita
1131 1713 1253 1743 tamen
1293 1712 1333 1743 ut
1370 1709 1556 1754 sequentis
1594 1709 1773 1743 clausulae
1809 1710 1973 1743 ultimam

723 1782 920 1829 “syllabam
945 1783 1155 1827 subtrahas,
1186 1794 1330 1817 versum
1360 1782 1636 1817 Galliambicum
1667 1783 1819 1825 efficies3
1849 1784 1918 1817 sic:

888 1895 1045 1936 “Seqetes
1070 1902 1169 1926 meum
1195 1892 1358 1934 laborem,
1384 1895 1512 1936 seqetes
1538 1903 1624 1925 meus
1649 1892 1764 1926 labor-'⁵
1781 1891 1804 1927 ³.

780 1999 882 2033 “Hoc
921 2010 1035 2044 genus
1073 2000 1179 2033 metri
1220 2000 1379 2033 maxime
1416 1999 1597 2033 desiderat
1627 2001 1785 2045 separari
1816 2002 1851 2034 in
1881 2001 1970 2035 duas

722 2073 941 2116 “clausulas‚
970 2076 1157 2119 tamquam
1193 2072 1332 2120 “Super
1356 2072 1438 2107 alta
1475 2076 1602 2108 vectus
1635 2073 1785 2116 Attis'';
1823 2075 1970 2109 dehinc:

723 2146 871 2181 “Celeri
894 2150 975 2182 rate
1000 2146 1153 2182 maria.”
1180 2147 1283 2188 Quod
1320 2147 1466 2193 quidem
1499 2147 1755 2191 Metroiacum‚
1785 2160 1846 2192 eo,
1876 2149 1970 2194 quod

722 2222 853 2256 “deum
893 2223 1019 2256 matris
1055 2222 1220 2256 cantibus
1257 2225 1380 2267 aptum
1419 2221 1486 2265 sit,
1518 2222 1719 2268 meritoque
1748 2223 1856 2257 etiam
1888 2222 1970 2257 Gal-

724 2296 921 2330 “liambum
960 2307 980 2330 a
1019 2296 1130 2330 Gallis
1159 2296 1335 2330 ministris
1364 2296 1453 2331 deae
1481 2296 1728 2342 appellarunt,
1770 2301 1815 2334 ut
1849 2309 1970 2332 versus

727 2370 807 2404 “isti
839 2374 1035 2404 testantur:

759 2602 763 2617 ¹
794 2598 872 2625 Post
897 2597 974 2625 haec
1000 2597 1096 2625 verba
1118 2598 1271 2626 nonnulla
1292 2597 1417 2626 desunt.
1444 2597 1574 2626 Mutilus
1598 2597 1686 2626 locus
1709 2599 1766 2626 est.

755 2661 766 2680 ²
788 2660 850 2687 Lib
871 2660 936 2692 IV,
961 2667 1027 2694 cap.
1054 2661 1065 2687 1
1092 2660 1108 2693 ἓ
1132 2660 1168 2686 94
1192 2667 1238 2695 sq.
1262 2659 1428 2694 Gaisford,
1453 2667 1481 2694 p.
1503 2659 1559 2687 212
1584 2667 1630 2695 sq.

753 2724 765 2741 ³
792 2721 886 2756 Vide,
911 2728 992 2755 quac
1015 2728 1110 2754 supra
1135 2728 1151 2748 c
1176 2720 1370 2749 Terentiano
1396 2720 1504 2749 Mauro
1527 2721 1705 2749 attulimus.
