1892 3007
934 209 986 245 60

697 322 895 366 “Χα).ὑβων,
923 322 963 358 ὡς
988 321 1137 354 ἀπόλοιτο
1161 322 1248 365 γένος

525 391 650 425 Γειόᾶεν
676 392 882 426 ἀντέλλοντα,
909 391 1000 424 κακὸν
1024 391 1133 437 φυτὸν,
1153 393 1184 423 οἵ
1206 405 1259 436 μιν
1282 390 1418 435 ἓψηναν”
1433 417 1441 433 ,

356 480 450 516 quae
473 469 645 516 leguntur
668 470 764 517 apud
787 470 1006 506 scholiasten
1031 470 1078 505 ad
1103 470 1336 518 Apollonium
1366 470 1401 515 I,
1435 482 1485 507 vs.
1504 470 1607 508 1323

356 548 392 580 et
443 546 489 580 ad
533 546 584 590 ΙΙ,
639 546 727 581 375.
797 546 829 580 A
868 545 1009 581 Catullo
1045 547 1104 581 'ita
1143 546 1271 581 Latine
1314 550 1399 582 sunt
1445 547 1605 582 reddita:

356 620 423 667 (vs.
451 620 503 656 48
532 621 629 668 sqq.)
1589 616 1595 622 '

613 701 778 737 “Jupiter‚
802 703 837 730 ut
860 702 1041 739 Chalybum
1064 710 1157 730 omne
1181 710 1283 737 genus
1306 704 1417 738 pereat

573 763 636 792 “Et
658 764 714 800 qui
737 763 895 799 principio
918 764 977 793 sub
1000 765 1087 793 terra
1110 771 1266 800 quaerere
1289 772 1388 794 venas

613 825 757 854 “Institit
778 833 816 854 ac
839 826 915 854 ferri
937 826 1061 862 fingere
1084 826 1257 856 duritiem''
1272 830 1291 855 ¹.

409 896 509 939 Quae
530 896 834 933 Valckenaerium
859 898 1078 943 incitarunt,
1102 901 1143 933 ut
1169 898 1403 934 Calliinachei
1422 899 1608 947 deperdita

356 973 466 1008 verba
495 974 699 1008 hexametri
729 975 779 1009 ita
807 975 1035 1009 restitueret:
1065 977 1089 1011 ὦ
1114 983 1171 1011 Ζεῦ
1196 982 1259 1011 πᾶν
1284 979 1442 1023 Χαλύβων
1468 991 1533 1012 κ.τ.
1547 980 1574 1012 λ.

408 1048 545 1085 Iterum
574 1049 694 1096 paullo
722 1050 935 1097 explicatius
965 1050 1178 1085 Callimachi
1207 1049 1316 1085 verba
1348 1049 1510 1085 Catullus
1540 1050 1607 1085 La-

348 1125 425 1158 tine
458 1125 584 1169 vertit,
624 1137 670 1160 ne
709 1137 751 1160 ea
795 1126 915 1170 dicere
962 1128 1172 1171 cogeretur,
1227 1136 1320 1171 quae
1371 1128 1434 1160 aut
1481 1136 1502 1160 a
1539 1125 1608 1159 lin-

355 1211 448 1246 guae
481 1200 619 1245 indole,
646 1204 710 1236 aut
733 1212 754 1236 a
780 1200 1003 1237 Graecorum
1028 1212 1199 1237 versuum
1225 1212 1333 1236 sensu
1358 1200 1605 1236 abhorrerent.

356 1276 483 1317 Quoad
504 1277 616 1323 igitur
636 1276 804 1323 judicare
828 1277 931 1321 licet,
957 1278 1057 1312 omni
1082 1278 1188 1312 laude
1213 1278 1322 1323 digna
1338 1280 1393 1312 est
1406 1278 1519 1323 ratio,
1538 1289 1609 1323 qua

355 1351 536 1387 Graecum
561 1351 774 1388 Callimachi
803 1364 932 1400 poema
962 1352 1101 1388 Latinis
1131 1353 1293 1389 versibus
1322 1353 1508 1400 expressit.

408 1427 490 1463 Jam
528 1427 574 1462 de
617 1427 850 1484 Callimachi,
872 1439 1018 1475 quoque
1056 1428 1271 1474 fragmentis
1303 1428 1488 1463 discedere
1525 1429 1608 1464 lice-

354 1506 428 1547 ret,
468 1504 537 1539 nisi
578 1504 862 1540 Valckenaerius
899 1504 1089 1551 probasset
1126 1508 1163 1539 et
1200 1504 1323 1540 multis
1365 1504 1512 1540 firmare
1550 1499 1629 1540 a1·-'

354 1579 539 1625 gumentis
600 1582 752 1614 conatus
801 1582 897 1614 esset
949 1579 1119 1614 Witholii
1172 1579 1487 1624 emendationem,
1544 1591 1608 1626 pro

358 1654 608 1702 “Chalybum’'
656 1654 930 1690 substituentis:
975 1655 1248 1690 “Telchinum”.
1292 1655 1415 1691 Lectio
1455 1654 1609 1701 “Chaly-

353 1730 463 1765 bum’'
505 1730 675 1765 Politiani
707 1729 859 1765 debetur
887 1730 1157 1774 emendationi,
1196 1730 1336 1765 codices
1373 1730 1471 1765 enim
1508 1730 1610 1765 exhi-

351 1806 456 1841 bent:
496 1803 670 1849 celicum,
708 1804 905 1849 scelerum,
954 1804 1124 1849 celicum,
1172 1788 1364 1851 coelitum,
1411 1804 1609 1846 coelorum,

354 1879 525 1927 belidum,
557 1879 712 1917 telorum
730 1882 754 1916 ².
796 1881 896 1924 Quae
925 1881 1097 1917 lectiones
1126 1881 1164 1916 in
1193 1883 1361 1917 neutram
1386 1883 1527 1929 partem
1556 1881 1610 1916 di-

353 1958 493 1993 rimunt
530 1958 643 1993 litem.
683 1958 755 1993 Sed
793 1970 876 1993 cum
915 1958 1095 1993 Politiano
1132 1961 1257 1993 tamen
1309 1969 1353 1993 ex
1396 1957 1606 1993 Callimachi

354 2034 559 2080 fragmento
594 2032 843 2081 “Chalybum''
868 2033 1136 2069 restituendum
1161 2044 1301 2069 censeo.
1331 2032 1413 2069 Non
1437 2033 1536 2068 enim
1573 2033 1610 2068 id

353 2109 553 2156 requiritur
581 2113 859 2155 argumentum,
885 2121 957 2156 quo
985 2110 1198 2156 praesertim
1215 2109 1344 2144 nititur
1359 2109 1610 2145 Valckenaerii

353 2189 389 2221 et
406 2185 576 2221 Withofii
605 2186 854 2231 ratiocinatio,
881 2185 1063 2221 Catullum
1093 2197 1177 2221 eum
1192 2185 1366 2233 populum
1382 2185 1607 2229 nominasse,

354 2262 415 2309 qui
453 2265 711 2309 praeterquam
750 2262 847 2310 quod
874 2265 992 2298 artem
1027 2262 1230 2298 exercuerit
1274 2261 1460 2306 fabrilem,
1497 2262 1610 2309 pessi-

353 2350 499 2374 morum
514 2338 624 2374 fuerit
639 2339 842 2374 facinorum
867 2342 1003 2374 auctor.
1029 2338 1134 2374 Tales
1149 2340 1274 2373 autem
1290 2337 1480 2374 Telchines
1496 2340 1610 2372 erant.

390 2483 396 2500 ¹
424 2480 588 2517 Valcken‚
612 2488 641 2516 p.
667 2481 725 2508 143
748 2487 819 2516 sqq.
845 2479 989 2509 Bosscha
1010 2487 1041 2516 p.
1065 2480 1114 2508 30.

388 2544 399 2564 ²
423 2543 588 2580 Valcken‚
612 2551 642 2579 p.
668 2543 736 2572 145.
761 2543 857 2579 Sillig
879 2543 913 2572 in
936 2542 1003 2572 edit
1025 2551 1055 2579 p.
1083 2542 1140 2570 153
1164 2549 1210 2578 sq.
