1892 3007
845 232 897 268 69

414 359 625 399 “stemulos,
651 358 740 402 quod
761 369 833 392 esse
860 358 973 392 Gallie
997 358 1127 392 habile-s·
1146 361 1275 401 putant
1299 358 1409 391 modos

415 430 546 463 “Sonat
569 429 631 463 hoc
655 428 792 463 subinde
816 422 935 463 cantus
965 428 1148 473 Cybeleium
1172 423 1283 462 nemus

414 499 628 542 “Nomenque
656 498 855 532 Galliambis
882 503 1081 532 memoratur
1107 499 1185 532 hine
1209 498 1341 532 datumf'
1361 497 1381 531 ¹.

301 592 467 639 “Recipit
494 593 554 628 hie
582 604 707 628 versus
735 592 802 628 sub
826 592 895 627 alia
920 593 1152 639 percussione
1175 596 1412 639 anapaestum
1435 597 1499 628 aut

245 667 492 714 “spondaeum
529 668 566 703 in
601 668 719 715 prima
746 667 850 713 sede,
890 667 1022 703 dehinc
1059 667 1150 703 duos
1189 667 1347 712 iambos,
1386 668 1498 703 inter-

246 743 355 778 “dum
385 746 420 778 et
449 744 670 790 tribrachyn.
700 743 797 778 Nam
825 744 1016 790 superfluit
1044 746 1121 778 tam
1149 744 1185 777 in
1211 744 1299 786 hoc,
1325 754 1433 789 quam
1459 743 1496 777 in

245 819 434 867 “sequenti
470 819 546 855 colo
584 830 861 866 nonnumquam
899 818 1104 866 semipede,
1142 818 1179 854 id
1218 821 1273 854 est
1310 829 1383 853 una
1425 816 1496 866 sylss

245 895 367 939 “laba,
406 894 503 941 quod
531 895 633 929 colon
662 906 707 929 ex
735 894 923 941 pariambo
952 898 989 929 et
1014 895 1092 929 basi
1122 895 1306 929 trochaica
1335 897 1398 929 aut
1427 895 1492 928 tri·

245 970 404 1018 “brachy
433 970 646 1006 constabit.”

299 1044 400 1080 Idem
429 1057 555 1081 rursus
571 1047 604 1079 ²:
644 1045 878 1080 “Memineris
916 1056 1005 1080 sane
1047 1045 1252 1091 trisyllabos
1291 1049 1496 1092 temporum

243 1123 459 1157 “dumtaxat
481 1121 644 1168 quinque
667 1121 722 1164 vel
738 1133 821 1167 sex,
836 1124 879 1157 ut
892 1124 948 1157 est
962 1119 1134 1156 bacchius
1149 1122 1185 1157 et
1200 1120 1397 1165 molossus,
1413 1132 1495 1156 cum

244 1198 304 1232 “in
330 1196 546 1244 quibusdam
571 1196 698 1232 metris
712 1197 807 1232 sicut
831 1197 869 1231 in
894 1196 1131 1232 Galliambico
1155 1196 1284 1243 longae
1307 1197 1496 1232 solvuntur

244 1274 304 1308 “in
332 1272 479 1317 breves,
508 1273 582 1308 vim
610 1271 928 1319 tetrasyllaborum
957 1272 1157 1308 obtinere'’.

297 1346 444 1383 Atilius
468 1346 769 1383 Fortunatianus
792 1347 932 1382 duobus
957 1348 1044 1382 locis
1069 1348 1114 1382 de
1138 1347 1351 1382 Galliambis
1367 1348 1496 1383 memi-

244 1424 316 1468 nit,
354 1427 389 1458 et
418 1423 532 1458 altero
561 1423 709 1470 quidem
739 1423 807 1457 hoc
836 1422 943 1457 modo
960 1425 985 1457 ³.
1017 1422 1105 1457 “Est
1133 1426 1169 1458 et
1206 1422 1304 1458 aliud
1342 1434 1387 1458 ex
1426 1424 1495 1459 hoc

243 1501 381 1534 “metro
419 1498 558 1543 ionico,
600 1498 697 1545 quod
744 1497 972 1533 Galliambon
1016 1498 1168 1542 dicitur,
1207 1498 1304 1544 quod
1343 1499 1381 1533 in
1424 1499 1495 1533 fine

241 1574 479 1620 “degenemt,
531 1573 727 1620 quominus
777 1574 961 1619 integrum
1027 1573 1186 1608 ionicum
1237 1578 1289 1610 ἀπ’
1317 1572 1495 1615 ’ἐλάσσονος

245 1650 396 1686 “faciat:

359 1731 591 1765 “Miserarum
614 1734 667 1765 est
691 1741 794 1774 neque
818 1730 926 1763 amori
949 1731 1033 1764 dare
1049 1731 1167 1775 possit
1191 1731 1368 1765 remedia&

395 1789 511 1801 vv—
569 1794 641 1799 ——
693 1789 727 1800 V
784 1788 818 1800 V
843 1789 1021 1800 ——vv
1056 1795 1094 1800 --
1117 1794 1156 1799 —-
1181 1789 1335 1801 *dvx-dv

297 1851 420 1886 Altero
431 1851 508 1885 loco
519 1850 634 1884 multo
644 1850 791 1884 uberius
801 1850 847 1884 de
862 1850 930 1884 hoc
946 1852 1063 1885 metro
1079 1850 1276 1896 disputavit
1287 1852 1312 1892 ⁴;
1329 1850 1379 1885 ibi
1394 1851 1493 1886 enim

241 1927 373 1974 legitur
382 1927 473 1962 haec
487 1925 711 1973 disquisitio:
725 1924 803 1960 “Ex
819 1926 888 1961 hoc
902 1925 1064 1961 nascitur
1080 1925 1305 1961 Galliambus
1316 1954 1325 1971 ,
1340 1925 1493 1973 repetito

241 2003 333 2037 “hoc
370 2005 487 2037 metro
502 2005 514 2023 ⁴
527 2029 535 2045 ,
573 2002 636 2037 sed
668 2013 742 2036 una
771 2001 908 2048 syllaba
937 2002 1100 2036 detracta
1111 2029 1120 2045 ,
1149 2006 1189 2036 ut
1217 2002 1350 2037 habeat
1381 2003 1490 2037 semi-

242 2077 394 2124 “pedem
423 2076 644 2121 clausulam,
673 2076 780 2123 quale
809 2079 864 2112 est
893 2076 980 2112 hoc:

278 2220 283 2238 ¹
309 2217 371 2246 Lib
396 2217 413 2246 Ι
436 2224 505 2253 cap.
530 2218 586 2254 11,
608 2218 626 2253 ς
649 2218 698 2246 35.

274 2282 284 2301 2
307 2281 393 2309 Part.
418 2281 470 2315 11,
493 2288 519 2308 c.
545 2281 582 2309 16
603 2280 621 2315 ἓ
644 2281 672 2307 2.
696 2280 865 2316 Graiarum,
890 2289 918 2316 p.
946 2281 1014 2309 346.

273 2346 284 2362 ³
308 2343 395 2371 Part.
419 2342 452 2377 Ι,
473 2349 499 2370 c.
523 2343 541 2370 4
562 2342 579 2377 ξ
604 2343 639 2370 17
664 2341 976 2378 sqq.-Gaisford„p.
1002 2342 1060 2369 319
1084 2350 1130 2377 sq.

272 2409 284 2426 ⁴
307 2406 460 2441 Repetito
490 2412 603 2441 nempe
628 2405 852 2434 Anacreonteo
884 2406 1004 2440 metro,
1038 2406 1111 2434 octo
1141 2404 1334 2442 syllabarum
1359 2404 1494 2434 iambico

333 2470 373 2497 ab
396 2472 570 2505 anapaesto
590 2468 787 2504 incipiente,
809 2469 845 2496 ut
867 2469 934 2496 est:

535 2529 709 2568 “Lepidum
732 2539 838 2558 novum
861 2529 1027 2558 libellumfi
1050 2531 1089 2558 cf.
1113 2530 1132 2558 l.
1156 2530 1174 2559 l.
1197 2530 1215 2566 ξ
1239 2530 1286 2558 16.

568 2583 682 2594 VVA—
750 2581 827 2593 ν·-
882 2582 997 2593 v--v
