1892 3007
831 231 908 267 103

237 361 293 393 est
319 357 569 393 Froehlichius
591 360 601 380 ¹
616 385 625 403 ,
641 358 703 406 qui
734 358 899 406 probavit
925 358 1088 394 ordinem
1107 358 1310 394 carminum
1327 358 1498 394 Catullia-

237 444 368 468 norum
378 461 387 478 ,
405 435 459 469 uti
486 444 584 469 nunc
612 434 648 469 in
664 433 765 469 libris
781 434 1037 481 manuscriptis
1052 437 1088 470 et
1104 434 1324 470 editionibus
1338 434 1488 481 legitur,

239 509 375 545 mirum
412 510 451 545 in
478 510 628 546 modum
657 521 735 546 esse
763 509 949 546 turbatum
978 513 1033 554 et,
1063 511 1219 558 exempli
1247 511 1383 557 gratia,
1413 522 1490 546 car-

236 584 338 620 mina
380 585 425 620 de
464 585 593 621 Lesbia
628 586 666 620 in
695 572 780 621 eum
815 586 957 621 redaxit
985 586 1169 631 ordinem,
1213 598 1321 633 quem
1350 587 1491 633 putavit

239 661 326 696 olim
358 661 404 697 ab
433 662 511 709 ipso
539 664 646 709 poeta
673 673 752 697 esse
779 661 990 708 profectum.

295 736 345 771 Ut
372 736 542 784 probaret
570 737 736 772 ordinem
764 737 987 781 carminum,
1016 748 1110 784 quae
1137 737 1183 772 ad
1212 737 1379 773 Lesbiam
1407 749 1488 784 per-

238 813 358 847 tinent
386 824 465 848 esse
489 812 759 859 perturbatum,
787 812 961 848 indicavit
982 824 1128 859 prorsus
1151 813 1259 848 aliam
1284 825 1362 848 esse
1385 825 1488 848 men-

233 889 308 922 tem
338 887 540 923 carminum
567 888 610 933 2,
640 888 685 933 3,
714 888 758 933 5,
790 887 833 933 7,
856 888 965 923 aliam
990 888 1161 924 carminis
1186 889 1315 925 octavi.
1344 888 1484 924 Deinde

234 964 272 998 in
303 964 464 999 carmine
502 963 549 998 11
598 964 728 999 Furius
764 967 800 999 et
846 964 1015 1000 Aurelius
1037 942 1039 946 Α
1045 964 1223 1010 jubentur
1255 977 1369 1011 pauca
1407 976 1480 1000 non

231 1038 327 1074 bona
356 1039 453 1075 dicta
480 1039 621 1087 puellae
648 1042 776 1087 poetae
800 1039 989 1085 nuntiare,
1023 1039 1140 1087 “quae
1163 1040 1272 1076 simul
1296 1039 1482 1087 complexa

231 1118 332 1150 tenet
369 1118 550 1151 trecentos
578 1115 793 1160 moechos”,
831 1116 918 1150 dum
957 1127 1105 1151 carmen
1134 1116 1185 1151 13
1214 1116 1260 1151 ad
1289 1116 1481 1151 Fabullum

232 1202 396 1227 amorem
424 1193 551 1238 poetae
579 1190 692 1238 spirat
720 1190 919 1227 ardentem.
951 1189 1107 1227 Carmen
1136 1190 1187 1227 36
1215 1191 1478 1239 lepidissimum

230 1266 380 1302 Lesbiae
395 1269 657 1302 commemorat
666 1270 790 1302 votum
801 1294 810 1311 ,
834 1267 932 1313 quod
945 1267 1165 1313 persolveret
1175 1294 1184 1311 ,
1200 1268 1230 1302 si
1245 1267 1314 1302 sibi
1328 1267 1475 1302 restitu-

231 1345 290 1378 tus
318 1346 412 1379 esset
438 1343 619 1388 Catullus,
640 1343 864 1390 desissetque
884 1346 1004 1379 truces
1028 1343 1065 1378 in
1090 1355 1129 1379 se
1153 1343 1296 1379 vibrare
1320 1343 1479 1388 iambos,

229 1419 291 1465 qui
318 1419 429 1454 iambi
457 1419 628 1465 leguntur
655 1420 803 1454 demum
832 1419 871 1454 in
900 1431 929 1454 c.
960 1419 1010 1454 37
1036 1423 1071 1454 et
1096 1431 1125 1455 c.
1142 1419 1193 1454 42
1218 1422 1254 1454 et
1270 1419 1478 1466 (postquam

227 1494 480 1542 interpositum
520 1497 576 1530 est
612 1494 861 1531 dulcissimum
901 1495 990 1530 illud
1018 1506 1165 1531 carmen
1199 1493 1269 1531 51:
1312 1494 1399 1530 “Ille
1427 1494 1478 1529 mi

228 1581 293 1616 par
322 1581 401 1605 esse
429 1570 497 1606 deo
522 1570 704 1618 videtur'')
734 1571 772 1605 in
800 1582 829 1606 c.
859 1571 921 1605 52.
951 1570 1052 1613 Quae
1080 1571 1245 1617 exempla
1268 1570 1347 1616 jam
1375 1570 1476 1605 suffi-

229 1646 326 1682 ciant
343 1648 377 1692 ²‚
393 1650 434 1682 ut
458 1647 747 1692 demonstretur,
776 1647 942 1683 ordinem
969 1646 1100 1683 Catulli
1125 1647 1350 1692 carminum,
1379 1646 1477 1694 quod

227 1722 274 1757 ad
311 1723 502 1757 historiam
540 1726 669 1769 poetae
705 1733 792 1769 erga
828 1723 998 1758 Lesbiam
1037 1723 1173 1758 amoris
1210 1723 1361 1767 attinet,
1400 1733 1473 1757 non

263 1876 269 1891 ¹
294 1870 405 1900 Ueber
437 1871 489 1900 die
523 1870 724 1906 Anordnung
743 1869 801 1899 der
822 1869 981 1899 Gedichte
1002 1869 1060 1899 des
1082 1870 1119 1906 Q.
1143 1869 1292 1898 Valerius
1315 1869 1485 1907 Catullus,

222 1933 255 1962 in
278 1932 363 1962 Abh.
386 1933 444 1962 der
465 1931 724 1963 Philos.-Philol.
755 1931 867 1961 Classe
888 1932 917 1961 d.
940 1931 1119 1961 Akademie
1141 1939 1182 1961 zu
1203 1931 1384 1970 Miinchen,
1407 1933 1463 1961 ΙΙΙ
1478 1954 1486 1970 ,

218 1996 292 2033 ΙΙΙ,
316 2004 345 2032 p.
368 1996 540 2025 691-716.

259 2059 270 2078 ²
293 2058 356 2094 Qui
389 2058 482 2094 plura
513 2057 692 2094 desiderat,
725 2056 907 2086 meminerit
940 2056 1102 2086 Catullum
1136 2064 1164 2086 e.
1185 2065 1216 2093 g.
1249 2057 1281 2086 in
1315 2064 1342 2086 c.
1377 2058 1415 2086 72
1446 2057 1486 2086 de

220 2121 341 2151 infideli
370 2120 491 2150 Lesbia
519 2120 629 2158 queri,
660 2127 797 2157 quocum
819 2120 972 2150 convenit
1000 2128 1026 2149 e.
1050 2121 1104 2158 79;
1138 2128 1165 2149 e.
1196 2121 1235 2149 83
1257 2121 1370 2149 contra
1391 2128 1479 2156 spem

217 2184 250 2213 in
282 2184 405 2220 gratiae
438 2183 593 2213 redeundi
625 2183 781 2220 testatur3
813 2183 974 2212 infelicem
1003 2190 1038 2213 se
1061 2190 1132 2213 esse
1153 2183 1270 2213 misero
1295 2183 1350 2212 illo
1372 2190 1480 2212 amore

216 2254 243 2275 c.
273 2246 329 2284 85,
359 2246 605 2283 pulcherrimam
634 2253 706 2275 esse
736 2253 826 2275 suam
856 2245 1007 2275 Lesbiam
1035 2254 1061 2275 c.
1083 2246 1123 2275 86
1149 2246 1237 2275 dicit.
1260 2246 1390 2275 Acriter
1410 2252 1480 2274 eam

218 2308 427 2345 reprehendit
447 2315 474 2337 c.
497 2308 546 2338 87.
568 2308 626 2345 Id,
648 2315 838 2345 quamquam
861 2307 989 2337 difficile
1011 2309 1114 2345 esset,
1136 2315 1171 2337 se
1192 2308 1366 2344 perfecisse
1387 2307 1481 2344 dicit,

216 2374 253 2402 ut
292 2373 423 2409 longum
463 2371 571 2401 subito
609 2371 787 2407 deponeret
817 2378 957 2401 amorem
989 2379 1016 2400 c.
1050 2373 1088 2401 76
1121 2372 1277 2408 gloriatur
1323 2371 1424 2409 (quod
1457 2378 1477 2400 a.

216 2435 381 2472 plerisque
411 2433 644 2464 recentioribus
674 2433 851 2463 editoribus
878 2434 951 2469 post
980 2440 1108 2463 carmen
1131 2434 1170 2463 87
1192 2433 1342 2463 collocari
1364 2433 1478 2471 solet),

214 2498 289 2528 dum
320 2498 353 2527 in
375 2505 403 2528 c.
426 2497 465 2526 92
494 2497 585 2533 jurat
614 2505 649 2527 se
670 2496 810 2527 Lesbiae
840 2504 917 2533 erga
949 2504 983 2526 se
1012 2497 1130 2526 amoris
1160 2496 1339 2527 certissima
1365 2496 1484 2526 habere

213 2560 407 2592 testimonia.
430 2559 500 2589 Cet.
