1892 3007
961 238 1039 274 106

377 366 478 401 mine
508 366 556 402 41
587 367 741 402 minime
769 366 966 402 verisimile
997 377 1077 401 esse
1105 366 1259 401 videtur.
1276 366 1437 411 Doloris,
1467 366 1529 413 qui
1551 377 1636 413 poe-

378 445 456 478 tam
486 443 705 490 occupabat,
735 454 847 490 quum
876 442 1052 479 scriberet
1081 454 1110 478 c.
1142 442 1193 478 38
1220 453 1369 487 caussa,
1407 453 1526 489 aequo
1549 441 1634 488 jure

377 519 415 554 in
445 519 548 554 fratis
577 522 696 554 morte
724 521 835 566 atque
862 518 901 554 in
930 518 1066 554 infelici
1096 517 1249 554 Lesbiae
1278 529 1404 554 amore
1430 518 1500 553 sita
1522 517 1634 553 fuisse

372 598 505 642 potest.
547 595 612 631 Illa
651 606 736 631 vero
777 595 943 630 defututa
973 598 1009 630 et
1037 595 1166 630 insana
1194 594 1332 642 puella,
1370 593 1471 641 cujus
1498 605 1632 630 nomen

374 670 464 705 latet
492 671 528 705 in
558 671 677 718 primo
706 670 880 707 carminis
909 669 958 707 41
987 672 1156 717 corrupto
1183 670 1356 706 vocabulo
1379 681 1452 705 non
1476 670 1523 705 ad
1546 670 1633 705 Les-

374 746 473 780 biam
511 747 714 793 pertinere,
758 758 875 793 neque
902 747 1075 791 moecha,
1103 747 1148 782 de
1177 758 1249 793 qua
1274 746 1436 792 ejusdem
1461 746 1633 781 carminis

372 832 478 856 versu
507 821 532 857 4
560 822 648 858 dicit
680 822 849 857 Lesbiam
879 822 1031 857 indicari
1060 822 1188 869 opinor
1205 824 1229 856 ¹.

426 895 498 932 Sed
526 896 667 943 majora
690 901 794 942 sunt,
823 909 990 945 quaeque
1016 898 1133 944 magis
1157 909 1234 933 rem
1257 897 1462 945 perficiunt.
1491 897 1630 933 Carmi-

370 984 479 1017 num,
508 985 602 1020 quae
625 973 875 1010 Froehlichius
903 974 950 1010 ad
978 974 1130 1010 alteram
1158 973 1348 1021 periodum
1377 973 1521 1019 retulit,
1538 974 1636 1009 noni

370 1049 553 1083 nullarum
574 1052 737 1084 mentem
761 1050 870 1095 longe
892 1061 913 1084 a
937 1050 1161 1096 reliquarum
1176 1048 1339 1095 ejusdem
1352 1050 1490 1095 periodi
1506 1053 1628 1084 mente

377 1124 558 1160 diversam
602 1136 682 1160 esse
723 1126 862 1161 nemini
905 1137 979 1161 non
1022 1124 1170 1173 patebit.
1215 1124 1296 1172 Ipse
1332 1125 1430 1160 enim
1455 1128 1561 1172 poeta
1584 1124 1630 1160 de

373 1199 493 1245 puella
516 1200 738 1247 praedicavit
766 1200 804 1235 in
833 1212 862 1235 c.
892 1200 943 1235 68
960 1202 994 1234 ²:

548 1325 659 1361 “Quae
681 1326 788 1354 tamen
811 1325 873 1354 etsi
896 1333 958 1354 uno
980 1333 1044 1354 non
1072 1326 1123 1354 est
1145 1326 1299 1354 contenta
1322 1325 1450 1354 Catullo

592 1386 698 1416 “Rara
720 1387 922 1417 verecundae
945 1387 1029 1417 furta
1051 1387 1191 1417 feremus
1214 1385 1343 1416 herae.'’

428 1487 523 1522 Sunt
551 1488 647 1523 inter
676 1489 859 1532 carmina,
883 1499 905 1523 a
933 1488 1162 1523 Froehlichio
1185 1489 1341 1534 tempori
1370 1488 1624 1534 disjunctionis

369 1563 500 1599 Catulli
524 1575 545 1598 a
570 1564 700 1599 Lesbia
724 1564 868 1598 addicta
880 1591 889 1608 ,
906 1575 999 1610 quae
1014 1565 1065 1599 ita
1079 1564 1212 1610 scripta
1227 1567 1313 1598 sunt
1323 1592 1332 1608 ‚
1348 1567 1389 1599 ut
1404 1575 1477 1599 non
1493 1564 1619 1599 admo-

367 1638 456 1674 dum
484 1639 601 1674 severi
626 1639 784 1673 amantis
809 1639 912 1674 dolor
935 1642 971 1674 et
995 1639 1049 1674 ira
1072 1639 1301 1685 perluceant,
1317 1650 1411 1686 quae
1426 1650 1499 1690 non
1515 1639 1623 1674 dura-

365 1714 458 1750 bunt
468 1743 477 1760 ,
492 1715 646 1751 simulac
660 1715 779 1762 puella
794 1727 833 1752 se
848 1718 963 1752 totam
978 1716 1131 1763 pristino
1146 1716 1347 1752 restituerit
1362 1716 1490 1752 amori.
1503 1715 1622 1762 Hujus

364 1791 529 1837 generis,
556 1802 639 1826 mea
654 1791 803 1839 quidem
819 1791 989 1838 opinione
1001 1818 1010 1836 ,
1040 1794 1125 1826 sunt
1140 1802 1168 1826 c.
1188 1790 1254 1836 72,
1271 1790 1368 1838 quod
1384 1802 1457 1826 non
1473 1791 1517 1826 ad
1535 1802 1622 1826 ean-

369 1867 453 1903 dem
477 1867 630 1903 classem
647 1880 730 1903 cum
747 1868 910 1904 carmine
925 1867 975 1903 85
987 1868 1171 1915 pertinere
1182 1896 1191 1913 ‚
1215 1868 1330 1904 miror
1344 1867 1615 1903 Froehlichium

364 1954 443 1978 esse
458 1943 657 1990 opinatum.
684 1943 726 1978 In
756 1955 828 1991 quo
855 1946 1013 1991 utroque
1041 1943 1203 1978 carmine
1226 1943 1333 1990 plane
1358 1942 1487 1978 eadem
1512 1953 1616 1978 mens

364 2019 494 2054 iisdem
509 2020 585 2055 fere
595 2020 779 2056 vocabulis
794 2031 964 2067 expressa
979 2017 1044 2055 est‘.
1053 2020 1166 2055 Porro
1182 2020 1254 2055 huc
1266 2019 1452 2066 pertinent
1462 2031 1490 2054 c.
1504 2017 1566 2064 87,
1576 2030 1622 2054 ex

370 2093 545 2141 Scaligeri
561 2094 769 2142 conjectura
785 2107 869 2131 eum
880 2106 910 2131 c.
925 2094 975 2130 75
991 2093 1238 2141 conjunctum.
1252 2093 1427 2140 Majorem
1433 2092 1511 2140 jam
1527 2093 1621 2129 iram

362 2171 504 2217 spirant
533 2183 563 2207 c.
594 2170 644 2206 37
656 2199 666 2216 ,
698 2171 748 2206 79
777 2175 814 2207 et
843 2171 906 2206 91.
937 2171 1137 2206 Consilium
1162 2182 1236 2205 non
1260 2171 1415 2217 amplius
1439 2181 1521 2205 eam
1545 2181 1622 2205 sec-

364 2246 487 2291 tandi,
518 2258 613 2293 quae
641 2247 735 2293 fugit
763 2249 799 2282 et
825 2246 974 2293 longum
999 2245 1203 2293 deponendi
1227 2256 1391 2281 amorem
1415 2245 1620 2280 declaratur

364 2322 403 2357 in
434 2334 463 2357 c.
495 2322 539 2367 8,
570 2323 667 2370 quod
691 2324 766 2359 fere
790 2322 870 2358 fieri
893 2333 968 2357 non
991 2325 1130 2369 potest,
1160 2322 1248 2368 quin
1270 2320 1512 2367 conjungatur
1535 2332 1619 2356 cum

396 2511 404 2530 ¹
432 2510 472 2539 cf.
497 2517 524 2539 c.
546 2511 595 2538 43.

394 2573 407 2593 ²
429 2572 486 2601 Vs.
512 2572 579 2601 135.
