1892 3007
991 222 1070 259 112

399 350 557 386 Romam
595 351 723 395 rediit,
763 362 846 385 cum
886 351 1015 386 Lesbia
1055 329 1198 386 amores
1236 362 1404 388 exercere
1440 351 1577 398 coepit,
1612 350 1650 385 in

399 438 484 462 eum
514 425 676 462 Catullus
715 427 905 463 acerrimis
944 427 1116 463 conviciis
1145 427 1309 463 invectus
1337 430 1392 463 est
1420 439 1449 462 c.
1481 425 1529 461 77
1559 429 1596 462 et
1617 426 1650 461 ei

395 501 646 548 exprobravit,
686 501 754 536 sibi
793 502 916 537 omnia
954 502 1049 537 bona
1087 502 1134 537 ab
1171 511 1216 537 eo
1255 513 1334 537 esse
1361 504 1494 548 erepta.
1525 500 1650 535 Clodia

395 588 480 612 vero
517 588 543 612 av
578 575 625 613 M.
662 576 784 612 Caelio
822 577 917 613 Rufo
957 580 1078 613 amata
1118 581 1192 622 est,
1230 580 1336 622 tunc,
1375 588 1489 624 quum
1517 576 1576 612 ille
1605 588 1650 612 ex

393 652 516 687 Africa
565 652 752 695 rediisset3
801 651 920 687 Rufus
971 652 1150 688 habitavit
1192 653 1229 687 in
1264 651 1423 688 >aedibus
1474 650 1648 686 Palatinis

393 728 432 764 P.
474 728 611 773 Clodii,
649 728 712 764 ubi
751 740 833 764 cum
872 728 981 775 hujus
1010 740 1134 764 sorore
1162 730 1264 765 vixit.
1304 728 1376 764 Sed
1403 740 1475 764 non
1503 731 1647 763 tantum

383 814 474 838 'cum
523 803 645 839 Caelio
684 803 799 848 Rufo,
836 806 873 838 at
917 804 1027 839 etiam
1066 815 1150 839 cum
1187 804 1268 839 aliis
1305 814 1448 839 amores
1485 802 1647 838 exercuit

394 879 541 923 Lesbia,
580 891 609 914 e.
649 891 684 925 g.
715 891 798 914 cum
827 891 890 923 eo,
920 879 1023 926 cujus
1052 891 1186 915 nomen
1216 880 1303 915 latet
1331 879 1399 915 sub
1429 878 1549 914 Lesbii
1582 889 1646 913 no-

391 955 491 990 mine
528 954 564 989 in
604 966 633 990 c.
671 953 742 1000 79,
770 954 833 990 ubi
875 966 920 990 ex
947 966 1021 991 uno
1047 954 1221 1002 Scaligeri
1249 954 1371 991 codice
1410 954 1562 991 fortasse
1589 965 1646 989 re—

392 1031 618 1066 stituendum
659 1034 773 1066 esset:
804 1029 1005 1066 “Caelius”.
1037 1030 1141 1072 Quod
1174 1031 1205 1066 si
1233 1032 1351 1067 facere
1378 1031 1526 1075 liceret,
1553 1030 1646 1065 bene

390 1109 653 1153 congruerent,
692 1117 786 1154 quae
824 1106 884 1142 hic
914 1106 1077 1142 Catullus
1106 1106 1193 1142 dicit
1222 1118 1304 1142 cum
1334 1106 1524 1151 conviciis,
1553 1117 1647 1153 quae

388 1183 426 1217 in
464 1194 493 1218 c.
536 1181 583 1217 77
614 1182 804 1229 leguntur,
833 1185 869 1218 et
903 1182 995 1218 “tria
1024 1183 1145 1219 savia''
1171 1178 1217 1230 (c.
1250 1182 1316 1230 79)
1341 1184 1393 1219 sic
1421 1182 1644 1230 explicaren-

388 1262 448 1293 tur
485 1270 549 1305 per
586 1258 738 1294 salivam
776 1269 944 1305 spurcam
958 1286 967 1303 ,
1003 1270 1075 1306 qua
1114 1269 1227 1306 purae
1266 1258 1418 1294 Lesbiae
1462 1258 1504 1306 (1)
1543 1258 1642 1294 savia

388 1333 532 1369 Caelius
561 1334 786 1369 comminxit.
818 1333 1039 1381 Ceteroquin
1067 1334 1221 1382 pulcher
1238 1334 1391 1370 Lesbius
1405 1335 1542 1382 optime
1557 1346 1665 1378 con--

386 1410 529 1445 veniret
543 1421 626 1445 cum
641 1410 793 1457 pulchro
810 1409 856 1445 M.
873 1409 995 1445 Caelio
1009 1412 1033 1445 ¹.
1051 1408 1122 1445 Sed
1138 1421 1210 1446 non
1226 1413 1328 1445 tanta
1339 1414 1394 1446 est
1408 1410 1516 1457 hujus
1530 1411 1640 1446 unius

384 1485 518 1520 codicis
540 1485 758 1529 auctoritas,
781 1488 823 1519 ut
844 1489 991 1532 propter
1015 1497 1099 1520 eum
1110 1485 1303 1521 lectionem
1318 1486 1364 1520 ab
1380 1485 1549 1520 omnibus
1557 1486 1640 1520 reli-

383 1560 464 1607 quis
479 1562 515 1595 et
525 1559 671 1607 optimis
683 1559 866 1595 codicibus
876 1563 1057 1596 servatam
1070 1561 1244 1596 mutanda
1254 1561 1312 1596 sit.
1325 1560 1363 1596 Si
1371 1564 1493 1597 autem
1503 1559 1649 1601 lesbia,

385 1638 424 1670 ut
464 1634 639 1682 Apulejus
678 1635 848 1681 tradidit,
887 1637 997 1672 fuerit
1027 1635 1179 1681 Clodia,
1211 1635 1367 1672 Lesbius
1391 1648 1538 1672 necesse
1566 1640 1640 1681 est,

384 1711 496 1746 fuerit
549 1709 703 1748 Clodius
741 1716 778 1748 et
815 1713 867 1749 sic
905 1712 1067 1753 Catullus
1105 1714 1174 1749 hoc
1211 1714 1372 1749 carmine
1410 1713 1561 1749 dixisset
1597 1713 1642 1748 de

384 1788 522 1822 famoso
561 1799 645 1822 cum
684 1788 869 1824 sororibus
898 1789 937 1824 P.
969 1788 1083 1824 Clodii
1112 1801 1247 1824 amore.
1277 1789 1349 1836 Ipsi
1378 1792 1501 1824 tamen
1530 1789 1642 1835 Jung—

382 1863 552 1902 clauseno
592 1863 628 1898 id
668 1875 741 1898 non
780 1867 944 1911 spectare
981 1865 1050 1900 hoc
1085 1877 1231 1900 carmen
1262 1865 1414 1901 videtur.
1445 1865 1526 1900 Non
1554 1866 1641 1900 satis

381 1950 484 1982 acre,
516 1950 589 1973 non
619 1939 708 1973 satis
738 1940 934 1974 vehemens
962 1944 1036 1984 est,
1065 1944 1106 1975 ut
1134 1941 1179 1975 de
1207 1941 1268 1975 tali
1301 1941 1455 1975 nefando
1485 1941 1642 1975 facinore
1673 1949 1680 1956 ·

381 2013 533 2059 cogitari
559 2014 682 2060 possit.

436 2088 526 2124 Utut
556 2092 630 2133 est,
674 2093 820 2136 praeter
851 2090 1015 2126 Caelium
1047 2094 1083 2126 et
1113 2091 1303 2136 Lesbium,
1333 2091 1470 2127 Gellius
1492 2092 1538 2139 (c.
1569 2092 1638 2136 74,

380 2163 452 2208 80,
492 2163 565 2209 88,
605 2164 673 2209 89,
715 2164 905 2213 90),‘qui
943 2167 1034 2202 nihil
1074 2172 1223 2214 tangere
1258 2168 1413 2213 solebat,
1444 2169 1513 2204 nisi
1543 2168 1637 2215 quod

378 2239 430 2274 fas
468 2243 619 2286 tangere
657 2252 729 2276 non
772 2245 846 2286 est,
884 2243 947 2288 qui
972 2246 1116 2278 tantum
1144 2245 1302 2290 suscepit
1329 2245 1495 2289 sceleris,
1524 2256 1638 2291 quan-

377 2318 455 2349 tum
495 2326 569 2350 non
609 2315 740 2351 ultima
771 2317 926 2364 Tethys,
967 2330 1034 2353 nec
1062 2319 1205 2364 genitor
1232 2320 1475 2367 nympharum
1505 2321 1633 2365 abluit,

380 2388 571 2436 Oceanus,
612 2390 782 2427 Lesbiam
822 2394 959 2428 amavit
996 2396 1032 2429 et
1060 2394 1252 2442 spurcavit.
1283 2394 1354 2432 Sed
1384 2399 1562 2444 quotquot
1585 2408 1640 2432 es-

411 2550 418 2565 ¹
445 2544 494 2573 Cf.
520 2545 697 2575 Drumann.
722 2546 816 2576 Rom.
843 2547 962 2577 Geseh.
986 2549 1040 2587 ΙΙ,
1062 2551 1131 2579 421.
