1892 3007
872 251 924 288 59

274 379 361 413 satis
384 378 557 424 probatur
589 379 822 423 lectionibus,
848 390 938 425 quas
953 378 1131 425 Hauptius
1146 377 1348 412 adnotavit.
1374 377 1524 413 Dicendi
1560 425 1569 429 -

274 453 370 488 hanc
398 452 528 488 Catulli
559 454 740 489 rationem
769 454 930 489 defendit
957 464 1002 488 ex
1034 453 1136 489 Ovid.
1171 452 1316 488 Metam.
1348 452 1392 496 4,
1423 452 1522 487 630:

433 519 513 548 “Hic
535 519 697 548 hominum
720 521 855 548 cunctos
879 519 1001 555 ingenti
1023 527 1157 554 corpore
1180 519 1346 554 praestans

434 581 664 617 “Iapetonides
687 581 779 611 Atlas
801 575 901 611 fuitJ’

332 651 501 698 Denique
538 652 635 698 quod
669 653 724 687 bis
761 652 857 687 idem
896 652 1029 687 dixisse
1065 655 1209 699 poetam
1240 651 1521 686 Valckenaerius

275 719 458 765 perhibet,
500 731 626 755 verum
664 723 737 765 est,
780 720 843 755 sed
869 731 1015 763 caussa,
1058 732 1122 755 cur
1145 720 1215 754 hoc
1238 720 1363 755 fecerit
1392 719 1523 754 idonea

276 793 397 837 adest,
439 805 569 841 nempe
592 798 783 841 postquam
813 795 949 830 diutius
978 794 1026 841 (v.
1065 794 1241 841 11—33)
1279 795 1524 829 narrationem

277 879 386 914 quam
433 869 683 914 inchoaverat,
718 873 822 916 poeta
860 870 1071 916 interrupit,
1099 873 1139 905 ut
1176 870 1297 905 dulces
1345 881 1524 904 novorum

276 942 471 990 conjugum
500 956 642 980 amores
670 945 908 989 describeret,
938 955 1017 980 eam
1043 944 1257 991 resumpsit,
1290 944 1419 979 iisdem
1452 945 1526 979 fere

276 1019 394 1055 verbis
430 1031 536 1065 usus,
589 1020 719 1067 quibus
754 1020 831 1067 ejus
868 1022 1023 1068 primam
1070 1021 1330 1056 terminaverat
1374 1023 1525 1067 partem.

278 1093 349 1130 Sed
386 1095 430 1130 de
458 1096 514 1131 his
542 1096 632 1131 haec
665 1096 858 1131 sufficiant.
890 1095 985 1131 Satis
1022 1095 1163 1131 Catullo
1192 1099 1316 1131 nostro
1345 1096 1525 1131 distichon

276 1170 364 1205 illud
393 1171 614 1206 vindicatum
643 1183 721 1206 esse
750 1172 887 1218 opinor.
913 1192 966 1196 —

331 1245 558 1290 Secundum,
588 1247 684 1293 quod
722 1250 887 1294 superest
903 1246 1113 1282 Callimachi
1129 1247 1265 1293 elegiae
1280 1248 1524 1294 fragmentum

274 1324 457 1356 servatum
477 1324 532 1356 est
552 1322 589 1356 in
606 1322 852 1369 Etymologico
868 1321 999 1368 Magno
1015 1323 1036 1357 i.
1056 1334 1084 1357 v.
1101 1328 1255 1371 ,θηλαμὼν
1266 1350 1275 1367 ,
1291 1322 1353 1357 ubi
1369 1322 1521 1368 legitur:

561 1389 642 1425 “o-int
668 1402 700 1421 τε
724 1392 817 1435 κάρην
839 1390 949 1434 ὤμοσα
977 1388 1032 1422 σόν
1057 1402 1090 1422 τε
1116 1389 1225 1434 βίον”,

274 1462 295 1485 a
325 1450 485 1495 Catullo,
524 1464 574 1486 vs.
609 1453 661 1486 40
689 1453 740 1487 ita
768 1453 896 1487 Latine
930 1464 1160 1498 expressum:

612 1517 743 1553 “adjuro
764 1519 862 1554 teque
885 1519 1040 1554 tuumque
1061 1517 1187 1554 caput.”

329 1580 532 1626 Bentlejum
543 1581 703 1627 primum
712 1582 781 1617 hoc
790 1581 1076 1617 Callimacheum
1085 1583 1331 1628 fragmentum
1344 1581 1524 1617 detexisse

274 1656 461 1692 adnotavit
489 1656 769 1692 Valckenaerius
789 1659 811 1692 ¹.
840 1656 953 1693 Nobis
982 1657 1082 1705 parvi
1112 1660 1233 1692 tamen
1264 1638 1441 1692 momenti
1471 1659 1525 1692 est

274 1733 320 1767 ad
359 1733 508 1768 niodum
542 1731 835 1778 dijudicandum,
864 1745 934 1779 quo
964 1734 1125 1769 Catullus
1154 1732 1364 1768 Callimachi
1394 1744 1522 1779 poema

273 1808 502 1844 converterit.
533 1807 633 1850 Quae
661 1819 769 1855 supra
798 1808 957 1845 diximus
984 1820 1026 1844 eo
1042 1821 1109 1844 nec
1123 1808 1388 1844 confirmantur
1403 1819 1521 1855 neque

274 1884 518 1918 infirmantur.

328 1956 500 2005 Superest
540 1960 662 1993 tamen
707 1958 857 1995 tertium
898 1959 1166 2005 fragmentum,
1205 1958 1301 2005 quod
1340 1958 1522 2005 integrum

275 2033 349 2069 fere
378 2033 557 2069 distichon
587 2030 749 2069 continet
765 2036 799 2069 ⁴¹²:

269 2130 562 2166 “Androgeaneae‘’
583 2132 616 2160 et
638 2138 684 2159 vs.
708 2132 784 2168 257,
808 2130 971 2160 “divolsa“
995 2131 1025 2159 in
1054 2130 1163 2159 codice
1184 2131 1311 2160 Datano
1330 2130 1447 2166 legitur
1467 2130 1529 2158 “di-

268 2184 388 2214 valso”.
419 2185 589 2214 “Cunctis''
617 2194 673 2221 pro
706 2186 849 2222 “miultis,
870 2187 936 2221 jam
962 2186 1130 2221 Bentlejus
1152 2186 1304 2216 restituit.
1327 2185 1434 2214 Pohlii
1457 2194 1529 2214 con-

264 2238 461 2276 jecturam:”
480 2247 575 2276 quam
596 2240 725 2276 templis
746 2240 803 2269 illa
823 2240 952 2269 dearum
972 2256 1009 2260 —
1031 2240 1174 2275 pollicita
1197 2239 1283 2271 est'’,
1305 2247 1398 2276 quam
1411 2240 1529 2275 publici

262 2294 346 2330 juris
368 2294 445 2324 fecit
466 2295 499 2324 in
521 2294 694 2324 lectionum
719 2294 839 2325 Catulli
851 2302 982 2324 auarum
1005 2295 1194 2332 specimine,
1216 2303 1245 2331 p.
1258 2295 1296 2324 57
1321 2294 1530 2329 (Euskirche-

266 2357 347 2386 nae,
372 2350 464 2384 1860)
479 2371 487 2387 ,
508 2349 627 2379 nullius
648 2350 802 2379 momenti
823 2357 894 2379 esse
916 2351 1011 2387 puto,
1040 2358 1136 2386 quum
1165 2357 1290 2379 omnem
1320 2349 1384 2378 vim
1412 2349 1529 2378 intenti

266 2404 415 2441 precibus
436 2404 533 2434 animi
555 2411 572 2433 e
597 2403 779 2434 catuniano
805 2404 937 2434 sustulit
958 2412 1063 2434 versu.

307 2461 317 2481 ι
339 2459 377 2488 P.
397 2460 465 2489 128.
484 2459 532 2489 or.
554 2460 656 2489 Beati.
676 2459 782 2489 Notae
802 2459 843 2488 aa
866 2449 994 2489 comam
1009 2459 1179 2489 Berenices
1201 2459 1232 2487 in
1256 2458 1443 2488 cammachi
1456 2459 1521 2488 ecn-

262 2514 355 2544 tione
377 2514 570 2544 Ernestiana
591 2514 625 2551 I,
651 2514 720 2543 582.

307 2571 319 2590 2
342 2569 506 2607 Valcken,
528 2577 558 2606 p.
582 2570 641 2599 149
664 2568 791 2599 Boscha
812 2576 843 2605 p.
866 2569 905 2598 30
930 2576 978 2606 sq.
