1892 3007
850 220 900 258 47

255 345 441 383 doctrinae
468 347 738 385 Alexandrinae
764 348 949 395 specimen
976 359 1049 384 non
1076 350 1235 384 aetatem
1263 347 1413 393 tulisse,
1444 346 1509 384 sed

254 421 347 458 bene
374 421 420 457 de
447 421 702 458 nobisactum
728 433 957 467 censeamus,
985 423 1082 469 quod
1110 425 1229 457 exstat
1259 422 1393 458 Catulli
1426 433 1506 458 ver-

255 497 309 533 sio
345 497 494 534 Latina..
508 498 564 533 ‘In
606 509 678 546 qua
706 499 783 545 ipsa
804 498 965 545 loquitur
987 498 1180 534 Berenices
1204 497 1335 542 Coma,
1366 497 1499 554 Veneri

255 572 375 608 dicata
402 572 448 608 ob
474 573 616 609 salvum
650 574 774 609 mariti
803 573 1000 610 Ptolemaei
1023 574 1077 609 ΙΙΙ
1114 573 1315 619 Euergetae
1337 584 1382 608 ex
1406 573 1500 608 bello

256 647 404 695 Syriaco
439 649 609 685 reditum.
647 649 762 685 Multa
793 650 889 696 apud
927 653 1066 686 veteres
1103 652 1270 685 auctores
1298 650 1365 685 hac
1388 649 1434 685 de
1462 661 1501 684 re

255 726 597 759 commemorantur.
621 723 784 766 Quorum
807 725 1016 759 testimonia
1038 724 1188 759 collecta
1210 727 1295 758 sunt
1310 735 1331 758 a
1353 724 1503 759 Valcke-

257 799 381 843 nario,
426 799 488 846 qui
534 798 831 843 Eratosthenem,
870 798 1075 846 Hyginum,
1116 798 1296 843 Achillem
1339 799 1485 835 Tatium
1499 828 1508 844 ,

259 873 501 920 Hesychium,
529 874 620 909 duos
644 874 682 909 in
708 873 842 909 Aratea
865 874 1027 910 carmina
1051 874 1266 909 scholiastas
1290 877 1326 908 et
1340 874 1510 909 Proclum

267 949 411 995 laudat,
450 950 581 997 quippe
615 950 679 997 qui
712 953 778 986 aut
808 950 854 985 de
885 950 962 997 ipso
985 950 1123 994 sidere,
1153 950 1211 985 cui
1235 950 1428 985 Berenices
1456 962 1514 986 co-

259 1035 341 1060 mae
377 1036 511 1061 nomen
547 1028 622 1070 est,
656 1027 721 1062 aut
755 1025 801 1060 de
837 1024 1002 1069 Conone,
1038 1025 1099 1071 qui
1136 1025 1182 1060 de
1209 1036 1252 1059 ea
1280 1036 1320 1060 re
1348 1025 1507 1061 fabulam

258 1101 497 1146 excogitavit,
535 1104 599 1136 aut
636 1101 681 1136 de
719 1100 957 1145 Callimacho,
1001 1111 1023 1135 a
1060 1112 1132 1146 quo
1160 1101 1308 1146 reginae
1337 1112 1439 1136 coma
1468 1102 1506 1136 in

259 1174 360 1211 sidus
387 1177 544 1211 mutata·
558 1179 612 1212 “iv
637 1180 752 1226 ἐλεγείᾳ
775 1177 987 1220 duramen&
1016 1174 1226 1221 scripserint
1244 1177 1266 1210 ¹.
1297 1175 1508 1211 Uberrimus

260 1251 305 1286 de
342 1262 385 1286 ea
421 1263 461 1286 re
498 1251 601 1287 testis
638 1262 717 1286 esse
752 1250 895 1285 videtur
927 1249 1113 1297 Hyginus,
1154 1250 1255 1296 cujus
1284 1251 1393 1286 verba
1421 1252 1511 1286 haec

259 1328 345 1362 sunt
361 1327 394 1362 ἐ
435 1325 556 1362 “Sunt
592 1324 660 1361 VII
691 1325 817 1362 stellae
844 1324 891 1361 ad
918 1325 1073 1361 caudam
1101 1325 1234 1361 Leonis
1260 1326 1298 1361 in
1320 1326 1502 1373 triangulo

261 1402 472 1446 “collectae,
520 1412 610 1448 quas
652 1403 790 1436 minem
832 1401 1025 1436 Berenices
1067 1413 1146 1436 esse
1189 1400 1315 1436 Conon
1356 1401 1502 1437 Samius

260 1476 563 1512 “Mathematicus
586 1479 623 1511 et
648 1475 892 1511 Callimachus
910 1475 1018 1519 dicit;
1044 1487 1127 1511 cum
1150 1474 1379 1512 Ptolemaeus
1394 1476 1504 1512 Bere-

259 1552 407 1598 “nicen,
422 1552 621 1588 Ptolemaei
636 1555 673 1588 et
686 1537 865 1588 ¹Arsinoes
881 1551 993 1587 filiam
1004 1579 1013 1596 ‚
1027 1563 1191 1587 sororem
1206 1563 1310 1588 suam
1322 1580 1331 1597 ,
1347 1552 1510 1588 duxisset

260 1629 455 1673 “uxorem,
482 1631 519 1663 et
554 1627 678 1675 paucis
713 1630 795 1675 post
830 1627 957 1663 diebus
995 1627 1122 1663 Asiam
1150 1631 1401 1674 oppugnatum
1428 1640 1510 1676 pro-

260 1704 397 1739 “rectus
438 1706 549 1748 esset,
599 1703 738 1739 vovisse
780 1703 999 1747 Berenicen,
1050 1704 1080 1739 si
1123 1704 1237 1739 victor
1278 1704 1507 1739 Ptolemaeus

261 1779 450 1815 “rediisset
459 1807 469 1824 ,
505 1791 543 1815 se
579 1778 815 1814 detonsuram
852 1778 1011 1822 crinem;
1060 1790 1130 1825 quo
1170 1782 1253 1815 voto
1291 1779 1502 1815 damnatam

261 1855 424 1890 “crinem
452 1855 490 1889 in
516 1855 667 1890 Veneris
696 1854 869 1889 Arsinoes
900 1854 1142 1900 Zephyritidis
1165 1856 1328 1901 posuisse
1349 1855 1505 1901 templo,

263 1932 443 1978 “eumque
478 1932 622 1978 postero
661 1929 719 1965 die
747 1940 821 1965 non
850 1929 1115 1977 comparuisse,
1144 1930 1241 1977 quod
1270 1931 1406 1966 factum
1430 1943 1513 1966 cum

263 2006 367 2042 “Rex
382 2017 490 2053 aegre
503 2006 622 2051 ferret,
639 2005 763 2042 Conon
780 2005 1070 2050 Mathematicus,
1086 2006 1234 2052 cupiens
1250 2007 1344 2042 inire
1354 2007 1508 2053 gratiam

262 2082 416 2129 “Regis,
452 2081 544 2117 dixit
579 2082 718 2117 crinem
754 2082 850 2117 inter
885 2081 1005 2117 sidera
1043 2081 1157 2117 videri
1195 2082 1429 2127 collocatum,
1479 2086 1515 2118 et

261 2158 461 2205 “quasdam
496 2168 628 2193 vacuas
664 2169 686 2192 a
720 2158 836 2204 figura
873 2160 1011 2203 septem
1048 2157 1170 2191 stellas
1198 2158 1377 2201 ostendit,
1417 2170 1507 2204 quas

264 2234 365 2268 “esse
390 2232 543 2280 fingeret
560 2232 732 2268 crinem.”
749 2232 860 2268 Cuius
876 2231 1093 2267 narrationis
1107 2233 1202 2278 parti
1218 2233 1314 2267 inter
1329 2235 1508 2268 nostrates

301 2422 307 2441 ¹
333 2418 518 2449 Callimachi
540 2419 715 2455 elegiarum
733 2418 844 2455 fragm.
866 2419 927 2448 etc.
946 2418 1082 2447 collecta
1100 2420 1199 2455 atque
1218 2418 1377 2448 illustrata
1392 2426 1412 2447 a
1426 2419 1464 2447 Li
1478 2419 1513 2448 C.

259 2482 476 2518 Valckenaer,
498 2483 547 2510 ed.
569 2482 601 2510 J.
624 2482 734 2511 Luzac
748 2503 756 2518 ,
778 2490 808 2517 p.
831 2462 962 2510 3545.

300 2545 312 2564 2
335 2544 463 2574 Astron.
486 2544 578 2573 Poet.
601 2544 639 2572 L.
662 2544 709 2573 ΙΙ.
732 2543 767 2573 C.
790 2543 902 2572 XXIV
925 2543 957 2571 in
982 2543 1103 2572 Leone.
