1892 3007
976 218 1055 255 124

381 343 465 390 jure
494 355 576 380 meo
605 344 824 380 contendere
853 356 958 391 posse
987 345 1112 380 videor
1142 345 1188 381 de
1217 345 1368 391 Lesbia,
1394 357 1488 393 quae
1516 346 1642 391 suerit,

386 419 478 455 nihil
494 422 671 455 constare.
698 419 794 461 Quid
809 420 909 455 enim
924 420 957 455 ei
973 432 1166 456 commune
1179 424 1332 457 estcum
1348 420 1472 457 Clodia
1483 421 1502 457 7
1521 421 1641 469 Nupta
1673 403 1678 407 ‚

381 493 460 541 jam
484 494 554 530 fuit
576 494 724 540 Lesbia,
753 506 866 541 quum
895 495 992 542 apud
1019 506 1100 531 eam
1129 507 1232 531 amor
1259 507 1345 542 erga
1370 496 1552 532 Catullum
1577 507 1642 532 na-

387 572 446 604 tus
474 572 541 604 est.
572 569 694 615 Nupta
717 568 796 615 jam
826 569 953 605 Clodia
982 581 1055 605 non
1085 581 1169 605 cum
1196 582 1270 605 uno
1285 573 1428 606 tantum
1442 571 1520 606 viro
1540 582 1643 606 exer-

387 644 462 680 cuit
499 654 653 680 amores.
691 643 823 679 Lesbia
851 647 973 680 amata
1012 647 1068 680 est
1102 655 1123 680 a
1153 644 1294 690 Caelio,
1332 656 1353 680 a
1383 644 1488 681 Rufo.
1519 644 1643 681 Clodia

387 720 449 755 diu
478 723 578 755 arcte
606 731 689 755 cum
714 719 760 755 M.
793 719 915 755 Caelio
946 720 1041 755 Rufo
1070 720 1263 766 conjuncta
1289 721 1367 756 fuit.
1398 720 1528 756 Utrum
1554 720 1643 756 Cae-

387 795 456 830 lius
488 798 524 830 et
563 794 699 839 Rufus,
739 795 784 830 de
813 795 946 842 quibus
983 795 1079 843 apud
1109 795 1291 831 Catullum
1321 795 1453 841 legitur
1481 795 1640 832 eundem

388 870 551 905 indicent
579 870 718 914 virum,
748 882 884 915 necne,
915 871 1000 906 sciri
1029 882 1103 906 non
1131 874 1260 917 potest.
1299 870 1470 906 Carmina
1500 871 1538 906 in
1564 872 1644 918 qui-

388 944 456 980 bus
485 945 531 980 de
559 945 604 980 iis
633 945 754 990 agitur
782 945 874 980 nihil
904 946 992 980 certi
1031 946 1100 981 hac
1128 945 1172 981 de
1200 957 1240 981 re
1267 945 1443 992 probant,
1481 957 1549 982 nec
1577 946 1642 981 ali-

388 1020 485 1055 unde
514 1019 716 1066 quidquam
746 1020 790 1055 de
818 1031 860 1055 ea
889 1021 978 1055 certi
1008 1020 1251 1055 demonstrari
1279 1032 1383 1067 posse
1412 1021 1550 1067 opinor.

449 1093 487 1129 Si
518 1105 645 1130 omnes
675 1094 920 1141 intelligerent
936 1094 1115 1140 quaedam
1140 1106 1238 1139 esse,
1254 1106 1347 1141 quae
1370 1095 1454 1130 sciri
1478 1106 1551 1130 non
1565 1107 1647 1142 pos-

389 1173 475 1205 sunt
512 1173 548 1204 et
584 1169 692 1215 longe
729 1172 915 1216 praestare
952 1180 994 1204 ea
1030 1169 1219 1215 ignorare,
1258 1181 1367 1216 (suam
1397 1169 1644 1218 cujuscunque

391 1245 536 1290 generis
564 1246 772 1279 commenta
800 1245 1027 1290 excogitare,
1065 1247 1106 1279 ut
1135 1245 1257 1291 opinio
1294 1244 1490 1291 aliquando
1520 1248 1643 1280 mente

394 1322 587 1365 concepta,
617 1319 855 1354 confirmetur
882 1322 919 1354 et
946 1318 1135 1365 probetur,
1165 1330 1238 1354 non
1267 1322 1344 1354 tam
1372 1319 1539 1354 unanimi
1568 1320 1643 1355 fere

390 1405 571 1430 consensu
599 1393 677 1428 Viri
706 1393 810 1429 Docti
840 1393 1168 1440 praedicavissent‚
1207 1394 1352 1440 opinor,
1390 1405 1429 1429 se
1457 1394 1570 1438 scire,
1609 1406 1647 1429 se

388 1469 508 1506 lucido
537 1469 756 1505 confirmare
783 1480 888 1515 posse
918 1468 1087 1505 Lesbiam
1117 1469 1271 1505 eandem
1300 1480 1379 1505 esse
1403 1480 1445 1505 ac
1466 1469 1642 1505 Clodiam.

396 1544 511 1580 Multa
540 1544 639 1579 enim
654 1547 759 1588 sunt,
789 1555 882 1590 quae
906 1545 1099 1579 historiam
1115 1544 1246 1579 Catulli
1260 1545 1395 1580 amoris
1406 1571 1415 1588 ,
1431 1555 1542 1590 quam
1560 1545 1647 1580 satis

391 1619 508 1666 lepide
518 1647 528 1665 ‚
552 1631 626 1655 non
641 1618 819 1664 diffiteor,
842 1619 892 1654 illi
909 1618 986 1654 Viri
1010 1619 1253 1666 scripserunt,
1269 1619 1390 1655 fictam
1401 1647 1411 1665 ,
1427 1631 1502 1655 non
1518 1630 1644 1655 veram

392 1707 470 1731 esse
502 1695 668 1742 probent.
698 1694 863 1730 Primum
894 1695 1063 1741 quidem,
1092 1696 1122 1730 si
1151 1697 1308 1730 aetatem
1338 1694 1470 1730 Catulli
1497 1697 1535 1731 et
1563 1695 1646 1731 Clo·

392 1771 474 1806 diae
502 1770 761 1817 respiciamus,
790 1781 872 1805 eam
902 1772 1027 1806 natam
1051 1781 1130 1805 esse
1153 1781 1250 1805 anno
1274 1769 1325 1805 95
1340 1773 1404 1805 aut
1418 1769 1490 1815 94,
1506 1773 1646 1817 septem

393 1846 507 1893 igitur
536 1845 642 1881 annis
667 1848 754 1880 ante
778 1844 962 1880 Catullum
978 1845 1213 1892 reperiemus.
1230 1845 1334 1886 Quod
1348 1856 1569 1892 quamquam
1585 1857 1651 1892 per

392 1933 432 1956 se
469 1932 548 1956 rem
586 1931 660 1955 non
699 1920 858 1963 dirimit,
905 1919 990 1966 quia
1028 1931 1111 1955 cum
1150 1919 1271 1955 Caelio
1310 1930 1473 1966 quoque,
1504 1918 1645 1955 Catullo

392 1996 555 2041 quinque
583 1995 690 2029 annis
715 1995 873 2038 minore,
904 2006 1029 2029 amore
1054 1994 1247 2040 conjuncta
1272 1994 1402 2037 fuerit,
1430 1997 1555 2028 tamen
1572 1995 1642 2030 hac

393 2070 429 2105 in
460 2081 501 2106 re
529 2081 604 2105 non
634 2069 769 2105 nullius
809 2069 987 2105 momenti
1024 2080 1103 2104 esse
1138 2069 1317 2104 existimo.
1357 2067 1520 2104 Catullus
1549 2069 1647 2104 enim

394 2146 439 2181 de
478 2145 608 2181 Lesbia
646 2156 791 2192 semper
828 2145 879 2180 ita
909 2144 1013 2190 dicit,
1051 2147 1093 2180 ut
1121 2144 1318 2180 admodum
1344 2143 1490 2191 juvenis
1518 2144 1649 2189 fuerit,

394 2233 544 2257 necesse
572 2222 629 2256 sit.
660 2220 762 2262 Quae
791 2222 953 2255 carmine
984 2220 1034 2255 86
1063 2221 1254 2266 leguntur:

533 2347 687 2383 “Quintia
710 2346 849 2375 formosa
873 2347 922 2374 est
947 2345 1073 2382 multis,
1095 2344 1173 2374 mihi
1196 2344 1349 2381 eandida,
1373 2344 1487 2379 longa,

571 2407 695 2437 “Recta
717 2408 776 2436 est.
801 2407 890 2436 Haec
913 2414 973 2442 ego
994 2407 1038 2435 sic
1063 2405 1191 2442 singula
1212 2405 1378 2434 confiteor.

531 2470 668 2500 “Totum
690 2470 770 2499 illud
791 2469 930 2499 formosa
953 2476 1052 2505 negoz
1076 2476 1150 2497 nam
1173 2468 1261 2497 nulla
1285 2469 1454 2503 venustas,

572 2533 689 2562 “Nulla
712 2532 743 2561 in
766 2533 830 2561 tam
854 2539 969 2567 magno
993 2533 1042 2560 est
1064 2538 1197 2567 corpore
1219 2531 1302 2559 mica
1324 2530 1409 2559 salis.
