1892 3007
924 236 1003 273 102

341 349 504 395 “scribo‚
542 350 738 386 arcendam
778 361 857 386 esse
892 350 1164 397 quaestionem,
1195 360 1289 396 quae
1318 350 1399 385 sine
1426 350 1596 384 accurata

337 425 596 462 “obscenitatis
621 427 907 473 pertractatione
929 426 1053 474 perfici
1076 425 1185 473 plane
1209 424 1371 472 nequit''.
1398 423 1465 459 Cui
1489 423 1596 471 plane

333 502 473 538 assensi
515 505 602 538 sunt
638 501 833 537 Teuffelius
852 504 859 524 ¹
876 505 930 537 et
954 501 1177 537 Kirchnerus
1194 502 1228 546 ²,
1262 501 1324 548 qui
1347 499 1455 536 ambo
1472 501 1597 535 tamen

333 578 442 613 nullis
469 578 696 624 argumentis
721 577 950 625 opinionem,
975 589 1086 625 quam
1110 577 1261 624 protulit
1285 576 1485 624 Hauptius,
1511 586 1596 611 con-

334 654 483 689 firmare
513 654 634 689 conati
663 657 759 689 sunt.
785 653 902 690 Aliter
929 666 1009 689 rem
1038 656 1191 700 egerunt
1221 653 1411 699 Helhigius
1427 655 1460 697 ³,
1484 652 1596 698 Jung-

333 728 524 764 clausenus
541 731 554 750 ⁴
593 732 629 765 et
668 728 882 764 Schwabius
898 731 932 773 ⁵,
964 729 1027 775 qui
1056 740 1182 764 omnes
1211 728 1320 775 longa
1348 728 1596 774 disputatione

333 804 485 850 Hauptii
500 804 709 850 opinionem
733 804 888 851 probare
911 805 1032 839 conati
1061 807 1156 839 sunt.
1188 804 1323 839 Contra
1346 806 1491 850 praeter
1514 814 1594 846 eos,

333 879 396 925 qui
424 879 521 914 hanc
550 879 801 926 quaestionem
831 880 983 915 omnino
1012 891 1086 915 non
1115 880 1336 926 attigerunt,
1375 878 1595 923 Loersius‘,

334 954 506 990 Munkius
522 955 535 978 ⁷
562 958 599 989 et
623 955 843 991 Leutschius
859 958 873 977 ⁸
899 956 974 991 fere
997 955 1063 991 soli
1088 956 1184 990 inter
1208 955 1429 990 recentiores
1445 954 1595 1001 Hauptii

332 1029 495 1076 opinioni
533 1029 715 1066 adversati
752 1034 848 1066 sunt.
890 1030 1054 1073 Quorum
1102 1031 1242 1078 primus
1287 1029 1482 1077 Apulejum
1521 1041 1594 1065 non

333 1116 412 1140 esse
441 1085 666 1141 audiendum
690 1106 869 1152 judicavit
907 1107 958 1142 ita
987 1110 1029 1142 ut
1062 1107 1218 1142 “vanam
1244 1107 1332 1141 dare
1356 1117 1503 1153 operam
1527 1106 1594 1153 ipsi

339 1181 429 1217 “visi
458 1182 552 1227 sint,
583 1183 664 1229 qui,
694 1194 786 1230 quae
817 1182 1061 1239 illae'Catulli
1091 1183 1229 1219 amicae
1259 1183 1415 1228 fuerint,
1444 1194 1596 1230 quaere-

341 1257 481 1292 “rent”.
508 1257 680 1293 Munkius
704 1259 754 1294 ita
779 1259 947 1305 opinatus
968 1262 1041 1294 est:
1063 1258 1291 1294 “Hiersiber”
1308 1258 1448 1305 (utrum
1465 1257 1595 1293 Lesbia

332 1333 442 1368 fuerit
470 1345 573 1369 soror
601 1334 640 1370 P.
670 1334 787 1370 Clodii
815 1334 948 1382 necne)
977 1335 1071 1371 wird
1093 1335 1170 1370 sich
1195 1334 1307 1370 kaurn
1333 1338 1445 1370 etwas
1470 1333 1595 1370 Siche-

338 1408 419 1444 “res
451 1410 638 1445 ermitteln
665 1410 818 1446 lassen'’.
837 1411 1054 1446 Leutschius
1082 1411 1241 1458 denique
1266 1422 1305 1446 se
1334 1421 1417 1446 cum
1434 1410 1593 1456 Hauptio

330 1496 566 1533 nequaquam
603 1486 723 1522 facere
759 1498 865 1534 posse
892 1486 1075 1533 professus
1104 1489 1175 1531 est,
1204 1485 1268 1521 sed
1307 1485 1428 1530 nulla,
1460 1484 1592 1532 quibus

330 1560 427 1596 hanc
464 1561 674 1608 opinionem
712 1562 896 1607 firmaret,
936 1565 1153 1608 argumenta
1191 1562 1338 1606 attulit,
1367 1562 1418 1597 ita
1446 1564 1487 1596 ut
1515 1572 1593 1595 rem

332 1637 524 1684 reliquerit
551 1638 735 1674 infectam.

360 1711 418 1747 Ad
428 1713 524 1749 hauc
539 1714 791 1760 quaestionem
806 1714 900 1750 bene
911 1715 1142 1750 tractandam
1154 1715 1251 1750 viam
1267 1717 1430 1750 sternere
1441 1717 1593 1749 conatus

374 1947 380 1964 ¹
406 1944 470 1973 Die
503 1943 663 1974 Gedichte
695 1944 752 1974 des
785 1944 949 1982 Catullus,
983 1945 1015 1974 in
1038 1945 1099 1974 den
1123 1945 1337 1975 Vcrsmaszen
1359 1945 1417 1975 der
1436 1946 1602 1976 Urschrift

326 2006 495 2036 ubersetzt
517 2014 581 2036 von
603 2007 788 2044 Hertzbcrg
810 2016 841 2037 u.
865 2007 1003 2037 Teuffel.
1026 2008 1110 2037 Einl.
1134 2016 1164 2044 p.
1187 2009 1215 2036 9.

364 2069 377 2090 ²
399 2069 452 2098 Ad
474 2070 551 2099 Hor.
575 2069 643 2099 Sat.
667 2070 702 2108 Ι,
726 2071 780 2108 10,
807 2071 854 2099 19.
878 2070 950 2100 Vol.
973 2070 1028 2108 II,
1050 2078 1080 2106 p.
1104 2071 1181 2108 339,
1203 2070 1236 2099 in
1257 2071 1336 2099 nota
1357 2071 1385 2099 1.

364 2134 376 2152 ³
400 2132 570 2161 Dcutsche
594 2132 801 2162 Jahrbiicher
823 2133 876 2161 fiir
897 2132 1180 2162 Wisschenschast
1208 2133 1272 2162 und
1294 2133 1419 2170 Kunst,
1442 2135 1486 2162 1er
1507 2133 1601 2163 Jahr-

325 2201 412 2231 gang
441 2195 551 2231 (1842)
580 2194 630 2224 niss·
650 2196 710 2224 304
732 2196 766 2224 et
787 2195 856 2224 305.

361 2259 374 2277 ⁴
398 2257 464 2285 Zur
488 2257 707 2293 Chronologie
729 2258 787 2286 der
808 2257 969 2287 Gedichte
991 2258 1048 2287 des
1072 2258 1234 2294 Catullus,
1257 2266 1287 2293 p.
1310 2259 1345 2295 9,
1367 2266 1437 2295 sqq.

364 2321 376 2340 ⁵
399 2318 437 2349 G.
469 2318 579 2349 Valeri
610 2318 729 2349 Catulli
759 2319 850 2349 liber.
881 2319 922 2349 L.
946 2319 1139 2350 Schwabius
1161 2320 1352 2357 recognovit
1374 2321 1407 2351 et
1428 2321 1600 2352 enarravit.

427 2383 455 2411 I.
482 2385 497 2411 1
521 2390 575 2418 pp.
598 2383 749 2411 53—135.

363 2447 376 2466 ⁵
399 2444 452 2473 Ad
475 2444 584 2474 Ovidii
607 2445 747 2483 Tristia,
771 2445 827 2484 ΙΙ,
848 2446 907 2475 427
921 2468 929 2484 ,
952 2454 981 2482 p.
1004 2446 1073 2475 204.

360 2508 372 2530 ⁷
396 2507 595 2537 Gcschichte
618 2508 677 2537 der
699 2508 897 2537 Romischcn
921 2509 1105 2538 Litteratur
1127 2509 1180 2547 ΙΙ,
1203 2518 1233 2546 p.
1259 2509 1326 2540 178.

362 2572 375 2591 ⁸
397 2569 593 2607 Philologus
617 2571 645 2599 X
661 2592 669 2608 ‚
691 2579 721 2608 p.
746 2571 804 2600 735
827 2578 897 2609 sqq.
