2525 3629
1317 394 1411 449 90>

710 503 837 538 Attine
878 503 1028 551 ejusque
1070 504 1264 539 comitibus
1303 505 1565 551 perficiuntur,
1624 506 1775 540 citatum
1804 506 1897 540 fiunt
1931 506 1969 539 in

715 578 888 623 modum,
908 580 946 614 cf
964 591 1015 614 vs.
1032 579 1075 622 2,
1093 579 1137 623 8,
1164 578 1236 623 18,
1266 578 1327 614 26.
1353 579 1500 621 Quare‘?
1531 579 1624 621 Quia
1648 581 1749 615 furor
1772 591 1833 615 eos
1856 581 1970 627 cepit,

711 652 840 687 rabida
864 665 969 688 mens
984 681 993 696 ‚
1029 664 1121 699 quae
1151 652 1307 699 Magnae
1331 654 1459 689 matris
1487 653 1692 689 sacerdotes
1720 654 1902 698 stimulat,
1928 658 1971 689 ut

711 731 832 762 sumto
883 728 953 763 levi
1007 731 1160 774 typano,
1202 729 1303 774 vagis
1351 728 1488 763 similes
1528 728 1718 775 pecoribus
1754 740 1819 775 per
1860 740 1970 775 opaca

711 803 892 850 Phrygiae
942 807 1138 850 properent
1186 815 1357 846 nemora3
1399 804 1552 838 citatum
1593 803 1705 849 igitur
1746 803 1972 839 desideratur

710 882 893 923 metrum,
936 879 1034 926 quod
1070 879 1179 915 simul
1211 880 1263 915 ita
1300 882 1551 926 comparatum
1590 882 1664 925 est,
1702 882 1744 915 ut
1780 880 1856 915 fere
1896 891 1969 915 non

711 954 820 989 metri
845 954 986 1000 legibus
1012 966 1143 1001 parere
1165 955 1341 990 videatur.
1358 955 1485 1001 Itaque
1510 966 1639 991 censeo
1663 957 1879 1001 argumento
1894 965 1972 990 car-

710 1030 821 1064 minis
844 1030 981 1076 optime
1006 1033 1166 1065 metrum
1190 1031 1393 1066 convenire.
1412 1030 1525 1066 Recte
1540 1030 1651 1076 igitur
1678 1029 1789 1066 abbas
1814 1029 1920 1066 Conti
1939 1032 1968 1064 ¹:

714 1104 771 1150 “je
795 1117 855 1139 me
884 1105 1054 1140 bornerai
1090 1105 1184 1140 donc
1212 1117 1233 1140 a
1261 1116 1474 1152 remaquer,
1504 1117 1574 1152 que
1602 1105 1635 1140 le
1660 1105 1832 1152 rhythme
1846 1104 1970 1140 sautil-

713 1178 813 1214 “lant
824 1207 833 1223 ‚
858 1180 1002 1226 rapide,
1027 1179 1186 1227 bruyant
1198 1208 1207 1224 ‚
1236 1181 1412 1227 precipite
1427 1208 1436 1225 ,
1452 1180 1542 1215 dont
1556 1180 1590 1215 le
1604 1182 1711 1227 poete
1726 1191 1747 1216 a
1762 1181 1828 1216 fait
1844 1180 1949 1216 choix
1961 1206 1970 1224 ,

714 1255 758 1289 “a
782 1268 831 1290 un
856 1258 1049 1291 caractere
1087 1255 1319 1301 d'agitation,
1357 1256 1606 1302 d'egarement
1642 1259 1677 1292 et
1707 1255 1752 1291 de
1780 1255 1969 1300 desordre,

715 1330 800 1377 “qui
828 1332 999 1366 convient
1023 1332 1053 1366 si
1082 1332 1339 1378 parfaitement
1367 1343 1413 1366 au
1441 1331 1537 1377 sujet
1566 1332 1652 1377 qu’il
1681 1331 1808 1374 traite,
1838 1343 1908 1377 que
1932 1330 1970 1376 je

712 1405 820 1441 “n’en
835 1406 912 1441 vois
934 1418 1054 1441 aucun
1083 1409 1187 1441 autre
1214 1407 1347 1453 auquel
1371 1417 1417 1441 on
1445 1407 1511 1452 psit
1534 1406 1747 1452 l'appliquer
1769 1417 1853 1441 sans
1878 1405 1972 1441 bles-

714 1480 795 1516 “ser
827 1485 946 1517 toutes
975 1482 1026 1516 les
1054 1482 1121 1516 lois
1149 1482 1194 1516 de
1222 1482 1256 1516 la
1285 1482 1549 1517 convenance’'.

765 1557 837 1593 Sed
849 1558 936 1604 quid
946 1560 1135 1604 praeterea
1147 1558 1191 1592 de
1203 1557 1334 1592 Catulli
1343 1558 1505 1592 carmine
1515 1557 1738 1592 censendum
1750 1557 1825 1592 est‘?
1833 1556 1971 1592 Admo-

710 1632 798 1668 dum
810 1632 958 1669 difficile
972 1633 1115 1669 videtur
1129 1633 1198 1668 hac
1212 1633 1249 1667 in
1266 1644 1306 1668 re
1316 1632 1496 1679 judicium
1511 1633 1622 1677 ferre,
1637 1632 1734 1679 quod
1745 1633 1971 1678 argumentis

708 1708 824 1743 firmis
851 1711 887 1743 et
920 1707 1167 1755 probabilibus
1191 1708 1399 1744 confirmari
1429 1708 1552 1755 possit.
1584 1708 1663 1743 Hoc
1692 1708 1783 1743 mihi
1808 1711 1968 1744 constat:

706 1785 813 1829 longe
849 1784 1125 1830 praeferendum
1148 1796 1227 1819 esse
1261 1785 1329 1819 hoc
1353 1795 1500 1819 carmen
1529 1784 1664 1830 elegiae
1682 1784 1967 1828 Callimacheae,

707 1870 818 1906 quam
848 1871 957 1907 supra
972 1860 1228 1904 tractavimus;
1250 1863 1336 1895 sunt
1359 1860 1510 1895 enimin
1536 1860 1661 1895 Attine
1684 1860 1790 1894 multi
1805 1860 1893 1904 loci,
1907 1860 1970 1895 ubi
2008 1891 2012 1894 .

706 1935 875 1970 doctrina
902 1913 974 1971 non
1001 1936 1141 1982 fugavit
1165 1936 1330 1972 animum
1354 1935 1557 1982 poeticum,
1573 1938 1659 1971 sunt
1682 1938 1823 1982 partes,
1839 1935 1970 1983 quibus

704 2022 842 2057 aequus
887 2011 1021 2057 judex,
1069 2023 1152 2047 mea
1198 2012 1383 2058 opinione,
1427 2022 1591 2047 summas
1633 2022 1705 2046 non
1748 2014 1866 2058 potest
1908 2023 1971 2046 ne-

706 2098 792 2133 gare
834 2087 970 2122 laudes.
1012 2087 1084 2122 Sed
1124 2091 1251 2123 contra
1286 2091 1323 2122 et
1364 2087 1479 2122 multa
1521 2088 1667 2133 insunt,
1712 2098 1805 2133 quae
1846 2099 1970 2123 severo

704 2162 815 2208 digna
863 2165 950 2197 sunt
985 2162 1144 2209 judicio,
1174 2163 1270 2210 quod
1296 2163 1341 2197 de
1369 2165 1446 2197 toto
1475 2162 1637 2197 carmine
1664 2162 1747 2198 tulit
1774 2162 1971 2198 Mommse-

702 2248 791 2281 nus,
837 2237 899 2272 ubi
943 2238 995 2273 ait
1021 2239 1077 2272 ²:”
1125 2238 1228 2273 Auch
1267 2241 1377 2273 unter
1423 2238 1494 2273 den
1534 2236 1745 2284 Originalen
1781 2237 1970 2284 begegnen

708 2312 980 2359 “gedrechselte
1028 2313 1301 2361 Modepoesien,
1338 2314 1409 2348 wie
1443 2313 1502 2348 die
1530 2312 1854 2348 iiberkiinstlichen
1886 2312 1969 2348 Gal-

707 2388 890 2423 “liamben
919 2400 1001 2424 zum
1030 2389 1129 2424 Lobe
1155 2389 1220 2424 der
1265 2389 1514 2436 Phrygischen
1540 2388 1707 2423 Mutter.’'
1723 2388 1832 2423 Haud
1845 2389 1969 2435 procul

700 2476 721 2500 a
745 2476 830 2500 vero
854 2464 981 2500 abesse
1009 2465 1100 2499 mihi
1131 2465 1274 2500 videtur
1307 2464 1408 2500 Doct.
1436 2464 1585 2510 Helbig,
1610 2464 1673 2511 qui
1697 2464 1748 2499 ita
1771 2464 1914 2510 scripsit
1930 2467 1966 2499 ³:

739 2608 745 2626 ¹
774 2605 806 2634 in
831 2605 880 2633 ed.
912 2605 1051 2634 Nandet.
1074 2613 1103 2640 p.
1125 2605 1195 2634 433,

741 2670 753 2689 2
777 2669 821 2697 R.
846 2668 884 2697 G.
908 2668 983 2706 ΙΙΙ,
1005 2668 1074 2696 584.

736 2735 748 2753 ³
775 2730 950 2760 Deutsche
972 2730 1083 2760 Jahrb.
1108 2732 1168 2760 etc.
1192 2731 1211 2760 l.
1234 2731 1255 2760 l.
