1892 3007
789 239 866 275 127

200 363 298 398 nullo
334 363 483 411 antiquo
519 364 693 411 scriptore
728 365 904 400 traditum
940 368 995 400 est
1023 365 1194 400 Lesbiam
1224 365 1335 400 fuisse
1366 363 1448 399 Clo-

196 437 294 473 diam
330 437 653 477 Quadrancariam.
691 438 796 474 Solus
831 439 1007 485 Apulejus
1054 450 1136 474 eam
1177 439 1253 474 solo
1295 437 1449 474 Clodiae

202 513 351 548 nomine
378 513 579 560 appellavit.
618 513 687 555 Qui
720 516 843 549 tamen
871 514 1011 549 fontem
1042 525 1114 549 non
1144 513 1304 558 addidit,
1333 525 1354 549 e
1383 526 1454 560 quo

202 587 298 623 hanc
338 588 506 623 notitiam
546 588 720 624 hauserit.
763 588 884 630 Quare
921 589 1042 636 paullo
1071 589 1280 624 diffidenter
1309 589 1455 636 Apuleji

204 664 454 699 testimonium
500 663 662 711 accipere
703 675 851 699 necesse
894 664 973 699 erit.
1024 664 1120 700 Fieri
1172 664 1270 700 enim
1320 665 1457 711 potuit,

203 741 263 783 ut,
301 739 386 785 quia
414 738 551 774 sciehat
576 738 739 774 Caelium
769 750 911 774 amasse
938 742 975 774 et
1000 739 1126 786 postea
1141 739 1258 775 odisse
1275 739 1457 783 Clodiam,

205 813 302 859 quod
329 813 426 848 idem
455 814 491 848 in
521 812 662 848 Catullo
691 817 727 848 et
742 813 872 849 Lesbia
885 814 1021 849 factum
1036 817 1110 858 est,
1126 826 1169 849 ea
1185 814 1348 858 finxerit,
1364 825 1458 860 quae

204 888 274 923 hac
311 888 356 922 de
392 899 431 923 re
468 888 627 923 tradidit.
667 887 739 923 Sed
778 899 823 923 ne
853 899 963 923 vanas
992 889 1059 935 ipsi
1088 873 1314 934 conjecturas
1343 889 1458 933 finga-

207 974 308 1006 mus,
331 965 373 997 ut
396 962 474 1008 jure
503 966 627 998 nostro
656 963 701 998 de
728 961 853 998 Clodia
873 963 934 998 illa
962 974 1028 998 nos
1056 963 1222 999 dubitare
1249 962 1456 1009 probemus.

262 1036 367 1079 Quod
395 1037 482 1072 satis
511 1048 686 1084 apparere
715 1037 908 1084 opinamur
934 1048 978 1072 ex
1015 1037 1076 1081 iis,
1115 1048 1208 1083 quae
1223 1044 1344 1084 ‘supra
1371 1037 1465 1072 dixi-

208 1124 309 1158 mus,
346 1113 445 1148 nullo
483 1113 690 1159 aequalium
728 1113 938 1148 testimonio
976 1112 1029 1159 (et
1059 1112 1262 1159 complures
1290 1113 1460 1159 aequales

210 1188 254 1223 de
293 1187 423 1223 Lesbia
460 1187 699 1234 scripserunt)
738 1190 995 1233 argumentum
1034 1187 1181 1233 aliquod
1217 1187 1359 1232 afferri,
1389 1198 1460 1233 quo

203 1263 406 1308 indicetur,
435 1264 612 1298 famosam
642 1263 742 1297 illam
771 1262 935 1298 Clodiam
963 1262 1118 1298 eandem
1147 1274 1225 1297 esse
1241 1266 1351 1309 atque
1373 1263 1460 1298 Les-

208 1339 328 1383 biam,
358 1350 465 1385 quam
498 1338 660 1373 Catullus
690 1340 834 1373 tantum
863 1337 1019 1382 amavit,
1049 1340 1227 1384 quantum
1255 1338 1354 1372 nulla
1382 1349 1462 1373 mu-

214 1414 281 1449 lier
316 1425 492 1461 umquam
531 1416 654 1449 amata
692 1416 757 1448 est.
797 1412 901 1455 Quod
929 1414 966 1448 in
995 1413 1168 1457 muliere,
1197 1412 1299 1459 cujus
1328 1424 1461 1448 nomen

213 1489 377 1525 omnium
402 1489 600 1524 contemtui
624 1488 800 1524 traditum
827 1490 905 1523 erat
930 1491 966 1523 et
990 1487 1027 1522 in
1049 1498 1112 1523 ora
1128 1487 1225 1534 vulgi
1247 1492 1463 1534 pervenerat

214 1568 311 1600 certe
340 1565 476 1599 factum
505 1563 614 1598 fuisse
643 1563 733 1598 mihi
756 1574 970 1609 persuasum
1004 1566 1079 1606 est,
1107 1563 1341 1609 praesertim,
1375 1564 1460 1609 quia

214 1640 377 1676 Catullus
403 1651 546 1687 quoque
570 1639 676 1674 laude
700 1642 736 1674 et
765 1639 877 1684 gloria
907 1639 1003 1674 inter
1031 1638 1201 1684 aequales
1231 1650 1304 1673 non
1333 1639 1459 1674 caruit.

268 1716 336 1761 At,
374 1719 416 1751 ut
460 1715 506 1750 ad
544 1714 688 1762 Apuleji
724 1714 977 1749 testimonium
1014 1714 1148 1748 iterum
1185 1714 1398 1758 redeamus,
1429 1715 1458 1749 is

214 1792 303 1826 dicit
330 1790 482 1826 Lesbiae
506 1791 655 1825 nomine
682 1788 846 1824 Clodiam
871 1789 1114 1835 significatam
1136 1800 1234 1832 esse,
1250 1792 1461 1824 nontamen

214 1866 334 1910 addit,
358 1866 454 1900 hanc
478 1865 589 1900 fuisse
612 1864 712 1899 illam
736 1864 913 1899 nefariam
939 1864 1150 1908 mulierem,
1177 1863 1221 1898 de
1244 1874 1315 1910 qua
1339 1862 1464 1899 Cicero

216 1953 359 1989 semper
388 1952 509 1977 errare
539 1940 696 1984 solebat,
725 1952 839 1987 quum
869 1939 947 1985 ejus
976 1929 1123 1974 nomen*
1137 1951 1220 1974 cum
1243 1940 1365 1975 fratris
1380 1952 1466 1975 con-

211 2017 383 2066 jungeret
401 2020 424 2053 ¹.
464 2017 590 2052 Plures
628 2018 726 2052 certe
763 2016 864 2051 fuere
902 2014 1069 2060 Clodiae,
1098 2018 1172 2050 tres
1200 2015 1310 2051 fuisse
1338 2015 1466 2050 famosi

218 2093 333 2130 Clodii
369 2105 510 2129 sorores
553 2095 715 2137 constat,
759 2103 849 2138 quas
878 2103 1004 2127 omnes
1034 2095 1287 2137 constuprasse
1315 2091 1466 2127 dicitur:

218 2171 378 2207 famosae
415 2169 526 2216 igitur
564 2171 669 2204 erant
706 2179 823 2215 aeque
858 2166 966 2213 hujus
1004 2166 1123 2213 gentis
1161 2166 1331 2202 mulieres
1359 2169 1469 2213 atque

220 2246 388 2282 tribunus
410 2240 538 2291 'plebis
574 2244 635 2279 ille
673 2244 983 2279 sceleratissimus.
1014 2241 1087 2277 Sed
1114 2246 1258 2288 praeter
1285 2243 1351 2277 has
1380 2242 1471 2277 aliae

221 2323 371 2358 fortasse
412 2321 513 2356 fuere
556 2318 722 2364 Clodiae,
766 2329 921 2365 quarum
964 2318 1060 2352 fama
1104 2317 1150 2352 ad
1187 2328 1253 2353 nos
1281 2328 1353 2353 non
1390 2329 1471 2364 per·

222 2399 340 2442 venit,
381 2397 453 2432 nisi
494 2397 531 2430 in
574 2395 759 2430 basiorum
797 2397 850 2429 tot
888 2393 1069 2437 millibus,
1097 2404 1190 2439 quae
1219 2392 1380 2428 Catullus
1409 2393 1472 2429 uni

224 2474 373 2510 alterive
402 2483 527 2508 earum
552 2470 702 2506 dederit.

263 2573 269 2591 ¹
295 2570 380 2608 Cic„
402 2576 457 2606 pro
482 2567 592 2596 Caelio
616 2547 672 2604 13,
695 2566 743 2594 32.
