1892 3007
893 243 939 278 11

288 369 346 405 cui
385 370 547 406 Catullus
583 371 744 406 libellum
779 382 884 406 suum
921 370 1118 414 dedicavit,
1147 372 1184 405 et
1213 368 1314 415 cujus
1342 369 1536 404 Chronico-

287 456 369 480 rum
396 446 575 481 meminit.

341 519 394 555 6⁰.
424 520 586 556 Catullus
614 521 718 556 ludos
749 520 905 567 Augusti
927 520 1107 556 seculares
1136 520 1246 565 vidit,
1275 520 1370 567 quod
1399 519 1536 567 perspi-

287 606 395 630 cuum
434 597 488 630 est
525 606 570 630 ex
605 594 687 641 ejus
721 595 884 631 carmine
920 595 1084 630 seculari.
1114 595 1236 637 Quare
1263 595 1361 630 enim
1389 605 1534 629 carmen

285 669 446 706 seculare
487 671 711 718 scripsisset,
748 671 819 706 nisi
857 671 894 705 in
932 681 1070 705 annum
1109 670 1277 706 ludorum
1318 670 1533 706 secularium

286 745 502 781 incidisset?
551 763 555 768 ·

339 819 436 856 Huic
459 821 767 867 argumentationi
793 821 869 868 ipse
894 819 1055 867 Scaliger
1078 821 1214 855 fatetur
1239 819 1383 855 obstare
1402 819 1534 863 videri,

284 895 381 941 quod
405 895 595 931 Cornelius
622 895 761 942 Nepos,
790 896 851 941 qui
878 886 1067 930 familiaris
1094 895 1163 930 fuit
1191 894 1352 939 Catullo,
1376 894 1535 929 affirmat

282 972 427 1017 poetam
456 972 544 1005 ante
572 970 734 1006 Atticum
764 969 967 1017 (mortuum
996 981 1092 1005 anno
1122 970 1163 1006 U.
1195 969 1232 1005 C.
1260 969 1354 1017 721)
1379 969 1530 1016 obiisse,

284 1056 369 1080 nam
399 1056 511 1091 quum
541 1047 666 1080 narrat
695 1044 857 1080 Atticum
887 1045 926 1079 L.
956 1045 1050 1080 Julio
1079 1044 1219 1081 Calidio
1248 1046 1361 1092 equiti
1390 1045 1428 1079 in
1457 1045 1533 1080 An-

283 1120 374 1156 tonii
415 1120 739 1168 proscriptionibus
781 1120 909 1156 salutis
950 1123 1133 1155 auctorem
1172 1121 1282 1156 fuisse
1320 1121 1365 1155 de
1394 1120 1533 1155 Calidio

282 1195 401 1230 addit:
437 1195 568 1241 “quem
607 1198 689 1241 post
717 1194 875 1230 Lucretii
904 1194 1109 1241 Catullique
1137 1199 1292 1230 mortem
1321 1195 1436 1230 multo
1462 1195 1534 1229 ele-

284 1269 538 1315 gantissimum
570 1272 715 1317 poetam
748 1272 911 1305 nostram
940 1269 1066 1305 tulisse
1093 1272 1251 1305 aetatem
1288 1280 1373 1305 vere
1409 1269 1533 1304 videor

280 1356 385 1391 posse
421 1346 673 1380 contendere”.
692 1348 703 1367 ¹
745 1345 849 1386 Quod
883 1356 904 1379 a
941 1345 1126 1380 nonnullis
1153 1346 1205 1379 ita
1233 1347 1422 1391 acceptum
1451 1348 1525 1388 est,

284 1413 387 1459 quasi
412 1412 574 1449 Catullus
602 1416 688 1448 ante
715 1412 878 1448 Atticum
906 1414 1073 1448 mortuus
1101 1415 1206 1448 esset.
1236 1411 1308 1448 Sed
1331 1411 1415 1458 jure
1443 1412 1529 1448 Sca-

282 1487 374 1534 liger
395 1488 658 1523 demonstravit
682 1488 880 1535 Nepotem,
902 1488 964 1535 qui
978 1488 1110 1523 viderit
1132 1488 1212 1523 illos
1231 1488 1335 1523 ludos
1349 1488 1530 1524 seculares

282 1566 318 1598 et
359 1563 498 1609 aliquot
534 1574 649 1598 annos
685 1563 737 1598 illi
773 1564 929 1610 tempori
976 1566 1158 1610 superstes
1204 1563 1291 1607 fuit,
1337 1564 1407 1598 hoc
1456 1564 1524 1599 sihi

280 1637 454 1673 voluisse:
481 1637 620 1683 “nunc‚
637 1649 750 1685 quum
773 1638 892 1674 scribo
914 1638 1027 1674 Attici
1046 1638 1124 1684 jam
1151 1638 1213 1673 diu
1238 1639 1370 1673 mortui
1397 1638 1529 1683 vitam,

281 1712 422 1747 Catullo
454 1724 600 1759 quoque
628 1716 791 1757 mortuo,
817 1725 901 1748 vere
929 1714 1021 1748 mihi
1050 1714 1175 1748 videor
1210 1713 1398 1748 affirmare
1425 1725 1530 1759 posse

280 1790 443 1823 nostram
471 1790 631 1823 aetatem
655 1786 843 1824 meliorem
871 1791 1017 1835 poetam
1046 1787 1185 1823 Calidio
1212 1799 1285 1823 non
1314 1787 1462 1823 tulisse’'

334 1863 508 1898 Attamen
536 1864 633 1898 inter
669 1865 760 1898 haec
798 1863 970 1909 Scaligeri
999 1867 1217 1909 argumenta
1244 1875 1360 1898 unum
1384 1867 1528 1898 tantum

280 1941 355 1983 est,
390 1937 487 1985 quod
520 1949 592 1974 non
637 1938 742 1974 facile
771 1941 808 1974 et
838 1939 946 1986 plane
977 1938 1147 1985 redargui
1183 1938 1306 1986 possit.
1340 1938 1381 1974 Id
1413 1938 1529 1974 solum

280 2014 399 2058 enim,
425 2014 522 2060 quod
551 2014 597 2049 de
621 2013 787 2049 Caesaris
816 2015 853 2049 in
884 2015 1115 2049 Britanniam
1148 2015 1379 2060 expeditione
1415 2015 1526 2058 dixit,

279 2089 352 2125 iam
390 2089 539 2137 probat,
567 2092 607 2125 ut
644 2089 868 2135 videbimus,
903 2089 1169 2138 Hieronymum
1196 2089 1233 2125 in
1273 2088 1404 2125 Catulli
1432 2101 1528 2125 anno

279 2165 378 2200 fatali
407 2176 558 2200 errasse.

331 2240 412 2276 Jam
449 2225 584 2277 'Petrus
626 2240 770 2277 Baelius
786 2242 821 2286 ²,
859 2243 896 2276 et
923 2240 1102 2288 Hauptius
1118 2243 1132 2263 ³
1171 2241 1469 2277 demonstrarunt
1505 2252 1526 2276 a

277 2318 376 2350 recta
404 2316 461 2351 via
489 2316 609 2351 virum
637 2316 889 2352 doctissimum
917 2316 1024 2362 longe
1055 2316 1255 2352 aberrasse.

320 2444 327 2461 ¹
351 2440 432 2476 Nep.
455 2442 485 2469 in
511 2440 578 2469 vita
599 2441 668 2469 Att.
694 2442 772 2479 1254.

319 2503 331 2523 ²·
354 2501 575 2531 Dictionnaire
600 2502 787 2540 Histoi-ique
811 2504 844 2532 et
863 2503 1026 2540 critique,
1049 2504 1109 2532 art.
1132 2503 1268 2533 Catulle.

317 2567 329 2586 ³
352 2565 389 2601 Q.
413 2564 449 2594 C.
472 2574 502 2601 p.
527 2567 564 2595 18
586 2573 655 2602 sqq.
