1892 3007
963 237 1015 273 36

356 363 394 397 in
445 362 578 410 quibus
628 363 750 411 populi
801 364 857 399 sui
901 363 1039 400 indoles
1089 345 1258 412 perierat.
1306 365 1352 401 Et
1403 366 1502 402 inter
1552 377 1615 403 eos

355 437 499 474 litterae
541 425 744 475 floruerunt
785 438 953 486 quidem,
976 440 1040 476 sed
1083 440 1177 488 quid,
1213 441 1312 477 aliud
1354 442 1433 477 fieri
1474 443 1613 489 potuit,

354 526 466 561 quam
501 517 544 550 ut
580 515 656 550 vita
694 518 881 560 carerent,
920 527 1030 563 quam
1069 519 1111 552 ut
1139 501 1208 552 >'ars
1246 517 1284 553 in
1312 520 1466 554 naturae
1493 517 1610 553 locum

352 589 651 634 substitueretur,
676 601 788 636 quam
810 593 853 625 ut
875 590 958 627 illae
983 579 1202 627 litterae³ita
1225 595 1457 639 comparatae
1470 595 1611 637 essent,

352 667 393 699 ut
402 663 487 710 jure
501 675 523 699 a
536 665 691 711 posteris
705 665 873 700 nomine:
902 650 1275 712 “Treibhaiispoesie”
1299 666 1582 713 designarentur
1591 666 1611 701 ἱ)

407 739 505 775 Talis
546 739 658 786 igitur
698 740 768 775 fuit
807 740 1013 776 litterarum
1056 740 1217 777 conditio
1258 741 1356 788 apud
1396 740 1611 786 Graeculos,

355 814 572 860 quibuscum
597 815 757 851 Romani
782 815 915 852 Catulli
939 816 1114 863 temporis
1143 816 1446 852 consuetudinem
1474 815 1610 852 habere

349 889 524 925 solebant.
541 890 694 926 Divinus
719 890 779 926 ille
803 890 971 937 spiritus,
995 891 1058 938 qui
1082 891 1285 927 Homerum
1300 893 1337 926 et
1350 902 1482 926 aureae
1497 890 1608 926 Grae-

348 976 473 1001 carum
502 965 708 1001 litterarum
731 966 862 1001 aetatis
894 969 1040 1012 poetas,
1078 966 1291 1011 historicos,
1326 969 1487 1002 oratores
1519 966 1607 1002 affa-

344 1043 464 1086 verat,
507 1041 685 1088 perierat;
728 1044 766 1076 at
802 1041 991 1086 doctrina,
1032 1052 1127 1088 quae
1163 1041 1282 1088 longis
1318 1041 1472 1089 vigiliis,
1499 1052 1604 1091 *quae

343 1116 421 1152 dies
450 1119 648 1163 noctesque
680 1116 761 1152 illos
794 1117 967 1163 antiquos
997 1119 1164 1152 auctores
1192 1117 1366 1163 legendo,
1404 1118 1455 1153 ita
1481 1120 1605 1153 tamen

341 1194 383 1226 ut
397 1202 472 1227 non
487 1203 532 1227 ex
547 1192 592 1227 iis
607 1194 749 1228 rectum
762 1191 904 1239 pulchri
918 1203 1085 1237 sensum,
1100 1191 1165 1228 sed
1178 1192 1395 1239 stupendam
1409 1192 1606 1239 antiquita-

342 1267 388 1302 tis
411 1267 581 1302 notitiam
600 1267 756 1302 studiosi
777 1267 827 1302 illi
842 1270 972 1313 poetae
987 1267 1056 1302 sibi
1071 1270 1346 1314 compararent,
1371 1279 1414 1303 ea
1434 1267 1601 1303 doctrina

340 1345 429 1378 tunc
452 1342 624 1387 florebat,
640 1353 699 1378 ars
713 1345 840 1378 tamen
856 1353 949 1389 quae
963 1345 1042 1378 tam
1057 1344 1207 1387 natura,
1223 1353 1334 1389 quam
1348 1342 1425 1377 vita
1439 1341 1610 1378 carebat:

394 1417 441 1453 Et
474 1418 570 1465 apud
598 1418 694 1465 ipsos
723 1429 869 1465 quoque
896 1416 974 1464 ejus
1004 1418 1178 1464 temporis
1206 1417 1393 1453 Romanos
1422 1417 1600 1453 naturalis

338 1493 479 1529 indoles
511 1493 680 1540 perierat.
713 1493 899 1538 Libertas,
924 1493 1012 1529 boni
1040 1504 1180 1540 mores,
1219 1504 1324 1528 amor
1350 1493 1490 1540 patriae
1518 1493 1594 1528 fere

337 1568 433 1622 apud
465 1568 561 1603 solos
593 1568 751 1614 majores
784 1568 1080 1615 reperiebantur;
1113 1579 1187 1603 non
1224 1568 1365 1614 patriae
1401 1568 1597 1612 inservire,

335 1643 400 1679 sed
433 1644 489 1679 sui
527 1643 639 1690 ipsius
676 1642 869 1679 ambitioni
906 1643 1158 1690 unusquisque
1187 1642 1378 1687 studebat,
1408 1653 1482 1678 non
1524 1643 1595 1679 rei-

335 1719 500 1765 publicae
528 1719 738 1763 Romanae,
767 1719 829 1754 sed
854 1719 912 1754 sui
936 1719 1049 1765 ipsius
1072 1718 1226 1765 gloriam
1250 1729 1384 1765 augere
1408 1729 1593 1753 summum

335 1797 433 1839 erat,
471 1794 568 1842 quod
594 1794 808 1842 spectabant
835 1805 962 1830 eorum
990 1794 1146 1841 posteri,
1175 1794 1237 1841 qui
1268 1794 1381 1830 vitam
1409 1805 1483 1831 non
1511 1806 1593 1843 per-

333 1870 449 1906 ditam
486 1870 687 1914 duxerant,
725 1870 755 1905 si
789 1881 854 1917 pro
882 1870 1000 1916 patria
1028 1870 1200 1916 perirent.
1240 1870 1447 1906 Romanum
1481 1871 1594 1917 igitur

333 1957 478 1993 quoque
493 1946 702 1992 ingenium,
724 1945 976 1982 Romanunm
1000 1946 1193 1993 peculiaris
1215 1945 1354 1982 indoles
1375 1948 1590 1990 evanuerat;

329 2022 451 2058 idonei
504 2024 629 2066 erant,
668 2022 731 2069 qui
779 2021 945 2068 discipuli
993 2021 1127 2057 fierent
1174 2022 1329 2058 istorum
1368 2020 1590 2058 Graecorum

329 2104 584 2149 κοσμοπολιτῶν,
623 2098 758 2144 quique
786 2108 922 2132 novum
951 2097 1097 2133 illorum
1137 2097 1296 2141 cultum,
1335 2108 1467 2132 novam
1504 2097 1588 2132 doc-

279 2204 282 2206 *
328 2176 486 2219 trinam,
525 2184 638 2209 novas
676 2172 819 2215 litteras
855 2172 1071 2219 acciperent.

383 2250 501 2297 Hujus
515 2249 710 2296 temporis,
727 2247 836 2294 hujus
851 2247 1057 2282 litterarum
1085 2247 1305 2283 conditionis
1326 2247 1473 2282 initium
1495 2246 1585 2282 vidit

327 2318 510 2371 CatulluS,
550 2324 611 2371 qui
654 2323 787 2370 partim
836 2322 883 2358 ad
921 2322 1149 2369 antiquiora,
1186 2322 1320 2369 partim
1362 2321 1409 2357 ad
1459 2332 1585 2357 recen-

323 2404 417 2438 tiora
444 2400 826 2448 pertinuitvtempora.
869 2398 935 2433 “In
965 2397 1129 2434 Catullus
1169 2397 1263 2443 zeigt
1299 2397 1377 2432 sich
1413 2397 1473 2432 die
1499 2396 1582 2432 hin-

323 2476 524 2514 “sinkende
561 2476 599 2510 in
636 2475 741 2510 ihren
776 2474 922 2509 tiefsten
970 2473 1097 2520 Fugen
1134 2472 1334 2519 ausgeloste
1376 2471 1578 2518 Republik‚

321 2555 416 2587 “nur
452 2551 540 2587 leise
586 2551 680 2585 noch
724 2549 956 2595 angehaucht
997 2559 1067 2583 von
1109 2548 1175 2583 der
1217 2547 1304 2582 Pest
1346 2547 1410 2582 des
1450 2549 1578 2593 spaten
