1892 3007
666 708 1127 752 PRAEFATIO.

323 1155 426 1193 Quum
447 1157 526 1188 ante
546 1154 607 1187 hos
633 1153 715 1187 duos
741 1164 846 1187 annos
861 1154 1021 1197 facultas
1047 1153 1257 1187 Litterarum
1282 1153 1525 1187 Humaniorum

270 1234 305 1263 et
326 1230 572 1273 Philosophiae
590 1231 805 1264 ffleoreticae
820 1230 858 1263 in
871 1230 1055 1263 Academia
1070 1230 1290 1273 Groninqana
1303 1231 1350 1263 ad
1359 1234 1525 1264 certamen

269 1306 476 1341 litterarium
508 1306 732 1351 quaestionem
758 1306 997 1350 proposuisset
1030 1306 1070 1340 de
1106 1307 1234 1341 Catulli
1258 1306 1348 1349 vita,
1373 1306 1526 1352 inqemb,

262 1384 379 1427 poesi,
404 1384 522 1417 statim
553 1395 593 1417 ea
625 1384 779 1427 quaestio
810 1384 892 1417 mibi
915 1384 1012 1417 valde
1037 1384 1172 1418 arrisit.
1199 1386 1387 1428 Antequam
1409 1388 1517 1417 tamen

270 1461 318 1496 ad
336 1473 419 1507 opus
440 1472 488 1496 me
512 1460 732 1506 adcinqerem‚
756 1460 836 1496 meis
860 1460 970 1505 ipsius
992 1460 1122 1496 viribus
1152 1460 1308 1507 diffidens
1321 1489 1329 1505 ‚
1350 1472 1427 1503 nec,
1447 1461 1530 1506 quid

268 1540 396 1573 humeri
420 1541 589 1577 valerent,
613 1540 696 1582 quid
704 1541 807 1582 ferre
826 1543 1023 1573 recusarent
1044 1540 1133 1573 satis
1149 1544 1363 1583 perspectum
1381 1541 1522 1581 liabens,

269 1616 424 1661 optimum
446 1616 552 1651 virum
573 1618 857 1651 HULLEMANNUM
885 1616 975 1660 adii,
1000 1619 1039 1651 ut
1062 1628 1110 1650 me
1132 1616 1168 1650 in
1191 1617 1256 1651 Ιιαο
1280 1616 1399 1651 mentis
1433 1616 1526 1651 dubi-

268 1693 397 1727 tatione
418 1696 500 1728 bono
520 1694 661 1728 consilio
682 1694 871 1736 adjuvaret.
897 1694 963 1733 Qui
982 1705 1030 1727 me
1042 1721 1050 1736 ,
1072 1698 1150 1728 tuuc
1162 1696 1264 1737 forte
1278 1705 1345 1737 per
1350 1694 1522 1738 feriarum

268 1775 394 1816 tempus
416 1772 525 1807 Leida
545 1774 709 1807 absentem
730 1771 923 1807 dulcissimo
944 1771 1103 1816 epistolio
1126 1770 1339 1809 confirmavit
1361 1775 1395 1806 et
1414 1771 1525 1806 admo-

267 1850 359 1893 nuit,
384 1854 422 1884 ut
443 1850 654 1894 propositum
681 1850 882 1894 susciperem
907 1851 1061 1883 laborem.

313 1929 391 1963 Jam
416 1931 483 1962 tum
508 1939 543 1962 se
567 1927 767 1969 breviorem,
792 1939 888 1972 quam
909 1927 945 1962 in
969 1927 1077 1962 animo
1099 1927 1262 1967 habebat,
1284 1927 1331 1961 ad
1358 1938 1407 1960 me
1436 1926 1523 1971 epis-

266 2006 368 2039 tolam
379 2005 512 2039 mittere
524 2031 531 2045 ,
536 2008 683 2048 propter
696 2004 803 2039 minus
810 2016 1012 2050 prosperam
1026 2005 1246 2039 valetudinem
1257 2030 1265 2044 ,
1276 2016 1343 2048 qua
1351 2006 1507 2038 utebatur
1516 2030 1524 2044 ‚

266 2083 443 2117 scribebat.

313 2159 451 2194 Leidam
475 2170 609 2194 reverso
633 2160 715 2194 mihi
739 2160 856 2194 statim
881 2171 985 2203 opera
1011 2164 1045 2193 et
1070 2160 1211 2193 consilio
1233 2159 1357 2202 adfuit.
1381 2160 1523 2201 Libros,

265 2249 347 2282 quos
367 2237 442 2282 ipse
461 2241 495 2271 et
515 2239 634 2272 multos
654 2242 688 2272 et
712 2239 813 2272 bonos
826 2238 987 2278 babebat,
1001 2237 1082 2271 mihi
1094 2237 1347 2281 suppeditavit;
1360 2237 1524 2272 rationem

264 2315 345 2349 mihi
369 2314 554 2355 iudicavit,
579 2326 646 2358 qua
672 2314 760 2347 alios
786 2314 983 2357 conquirere
1001 2325 1146 2358 possem.

315 2393 366 2427 At
410 2404 483 2426 mox
527 2391 617 2426 vires
654 2392 686 2425 ei
723 2392 923 2436 defuerunt.-
962 2392 1039 2425 diro
1072 2391 1157 2425 enim
1193 2393 1303 2426 morbo
1341 2393 1522 2432 laborans,

263 2470 418 2515 quamdiu
433 2469 572 2515 potuit,
593 2469 680 2504 omni
701 2468 821 2504 virium
843 2468 1029 2504 intentione
1041 2469 1186 2504 muneris
1201 2469 1395 2504 Academici
1408 2469 1522 2515 officia

263 2551 436 2582 exsecutus
460 2552 530 2590 est,
555 2548 674 2590 donec,
697 2559 792 2591 quum
812 2547 849 2581 in
869 2558 906 2581 eo
928 2551 1016 2581 esset
1028 2550 1067 2581 ut
1080 2547 1127 2580 ad
1136 2547 1291 2590 corporis
1305 2548 1522 2582 valetudinem
