1892 3007
875 226 927 263 29

270 352 316 388 ab
353 352 480 390 Asinio
518 354 680 390 Pollione
716 355 761 391 de
788 355 976 391 tribunatu
1002 355 1244 402 postulatum,
1282 355 1518 402 defenderet,

271 429 361 466 adeo
390 441 474 465 eum
501 430 625 466 animo
648 430 846 475 exarsisse,
869 433 910 466 ut
938 431 1024 477 quia
1046 431 1217 478 parvulus
1239 434 1380 468 statura
1404 436 1519 478 esset,

269 504 407 552 imponi
429 516 469 541 se
495 516 604 553 supra
631 506 776 553 cippum
799 505 965 551 juberet,
988 505 1195 552 juraturus,
1224 507 1255 541 si
1281 518 1392 553 quam
1416 507 1513 554 inju-

267 580 361 615 riam
385 580 474 616 Cato
499 581 673 626 Pollioni,
701 582 902 617 accusatori
926 593 991 617 suo
1017 582 1182 626 fecisset,
1212 593 1252 617 se
1279 582 1317 617 in
1346 594 1432 618 eum
1457 582 1517 628 ju-

268 658 433 690 raturum
470 655 701 691 calumniam.
740 656 906 702 Denique
933 656 1035 691 testis
1063 659 1189 702 surgat
1217 659 1344 691 auctor
1374 657 1516 703 Dialogi

269 730 313 765 de
338 731 561 775 oratoribus,
585 732 647 777 qui
671 743 701 766 c.
726 730 777 766 18
802 732 988 778 queritur,
1010 731 1119 766 nimis
1135 731 1287 766 Calvum
1301 759 1310 776 ,
1326 732 1390 767 sed
1405 733 1517 768 etiam

269 804 481 841 Ciceronem
518 805 636 853 ipsum
669 805 838 854 antiquos
862 809 1024 842 oratores
1052 805 1258 852 Romanos,
1283 807 1450 842 horridos
1480 810 1517 842 et

266 882 448 928 impolitos
476 885 513 917 et
536 882 645 917 rudes
673 886 710 917 et
737 884 912 918 informes
937 883 1099 919 imitatos
1122 895 1220 927 esse;
1246 884 1375 919 eodem
1401 884 1518 931 capite

267 956 451 993 Ciceronis
461 956 639 1004 judicium
655 958 700 994 de
715 957 823 994 Calvo
834 986 843 1004 ,
859 961 1001 994 oratore
1015 958 1190 1004 exsangui
1204 961 1240 993 et
1254 958 1378 994 attrito
1388 986 1398 1003 ,
1421 970 1519 993 com-

265 1033 531 1068 memorat-sed
558 1037 684 1069 contra
711 1037 885 1078 testatur,
911 1034 1020 1069 Calvo
1049 1034 1261 1069 Ciceronem
1291 1034 1452 1069 solutum
1481 1038 1518 1070 et

265 1118 436 1143 enervem
463 1109 577 1143 visum
602 1119 691 1144 esse.
717 1107 837 1144 Minus
862 1107 971 1143 Calvo
996 1108 1138 1156 favent,
1154 1119 1248 1155 quae
1267 1108 1380 1143 tradit
1396 1120 1428 1143 c.
1444 1107 1515 1144 21:

268 1183 372 1230 “Ipse
395 1184 485 1218 mihi
515 1183 665 1228 Calvus,
694 1196 777 1219 cum
803 1196 919 1219 unum
953 1187 989 1219 et
1017 1184 1166 1230 viginti,
1195 1188 1236 1219 ut
1263 1187 1375 1230 puto,
1404 1184 1515 1220 libros

267 1257 495 1305 “reliquerit,
524 1259 585 1294 vix
612 1259 650 1294 in
677 1270 751 1294 una
774 1262 811 1295 et
834 1259 947 1295 altera
972 1258 1199 1294 oratiuncula
1223 1259 1419 1304 satisfacit,
1448 1270 1516 1295 nec

267 1333 483 1369 “dissentire
510 1338 649 1370 ceteros
676 1335 722 1370 ab
742 1336 812 1370 hoc
834 1345 916 1370 meo
936 1334 1074 1380 judicio
1101 1334 1216 1369 video.
1244 1333 1383 1375 Quotus
1411 1335 1511 1369 enim

266 1408 443 1456 “quisque
467 1409 567 1445 Calvi
590 1410 628 1444 in
650 1408 813 1446 Asitium
840 1413 903 1445 aut
928 1410 965 1444 in
981 1409 1141 1445 Drusum
1156 1409 1273 1455 legit‘!
1287 1412 1325 1444 at
1339 1409 1460 1445 hercle
1475 1410 1513 1444 in

266 1483 480 1520 “hominum
526 1485 770 1521 studiosorum
807 1485 976 1520 manibus
1013 1487 1205 1520 versantur
1244 1485 1513 1528 accusationes,

263 1560 379 1606 “quae
402 1561 441 1595 in
465 1560 653 1596 Vatinium
677 1560 926 1596 inscribuntur
949 1572 993 1596 ac
1017 1561 1210 1607 praecipue
1225 1561 1383 1596 secunda
1394 1572 1440 1595 ex
1455 1561 1512 1595 his

264 1634 419 1671 “oratio:
450 1639 505 1671 est
533 1637 629 1671 enim
655 1636 773 1672 verbis
795 1639 924 1671 ornata
948 1638 985 1671 et
1008 1635 1220 1681 sententiis,
1246 1636 1395 1670 auribus
1412 1635 1512 1681 judi-

262 1710 368 1747 “cum
396 1711 645 1747 accomodata:
674 1714 715 1747 ut
737 1712 830 1747 scias
863 1711 1016 1747 Calvum
1045 1710 1287 1755 intellexisse,
1315 1711 1404 1757 quid
1432 1722 1508 1746 me-

262 1785 354 1821 “lius
391 1789 504 1830 esset,
534 1798 602 1822 nec
628 1787 854 1822 voluntatem
888 1788 941 1830 ei,
972 1787 1060 1832 quin
1089 1786 1279 1821 sublimius
1308 1787 1346 1821 et
1374 1786 1506 1821 cultius

262 1861 440 1906 “diceret,
464 1862 528 1897 sed
551 1862 739 1908 ingenium
763 1873 806 1898 ac
830 1862 922 1897 vires
950 1860 1142 1896 defuisse.’'
1167 1860 1252 1907 Cap.
1277 1860 1328 1895 25
1353 1859 1507 1897 Calvum

257 1936 355 1972 idem
391 1937 644 1973 adstrictorem
672 1937 768 1972 dicit.
799 1936 900 1979 Quae
928 1948 1042 1983 quum
1071 1937 1121 1971 ita
1145 1936 1238 1980 sint,
1273 1939 1370 1970 certe
1403 1937 1433 1970 si
1459 1936 1502 1970 ad

257 2023 424 2047 normam
449 2012 633 2047 Ciceronis
657 2012 886 2058 eloquentiae
912 2012 1011 2047 Calvi
1030 2011 1280 2057 dejudicatur,
1308 2011 1414 2056 longe
1443 2010 1504 2045 illo

256 2086 317 2122 hic
353 2086 480 2122 cedere
516 2087 678 2130 videtur3
717 2086 780 2122 sed
817 2086 848 2122 si
876 2097 961 2121 eum
988 2097 1071 2121 cum
1100 2086 1248 2130 ceteris,
1278 2088 1506 2132 quantopere

251 2161 417 2208 judicare
439 2162 541 2207 licet,
565 2163 621 2198 sui
643 2162 816 2209 temporis
839 2161 1042 2197 oratoribus
1061 2172 1333 2207 comparamus,
1349 2159 1501 2203 merito,

218 2219 222 2228 1
256 2238 379 2284 credo,
403 2237 591 2286 apparebit
613 2248 699 2274 eum
722 2237 845 2274 multis
873 2236 1045 2284 anteponi
1072 2239 1128 2281 et,
1157 2236 1227 2271 nisi
1250 2235 1404 2282 juvenili
1428 2235 1504 2271 fere

254 2318 374 2350 aetate
388 2315 545 2350 infausto
556 2315 629 2350 fato
644 2317 739 2350 esset
754 2317 938 2361 correptus
949 2341 958 2358 ‚
973 2312 1158 2360 praeclara
1169 2340 1178 2357 ,
1194 2323 1288 2359 quae
1303 2312 1336 2347 ei
1352 2315 1484 2347 natura
1494 2339 1503 2356 ,

254 2394 347 2427 teste
376 2390 550 2427 Cicerone
567 2393 577 2413 ¹
591 2419 600 2437 ,
624 2390 774 2426 dederat
797 2390 913 2437 dona,
943 2390 994 2425 ita
1021 2389 1069 2425 ad
1093 2388 1345 2424 maturitatem
1373 2398 1502 2434 perve-

298 2557 306 2575 ¹
330 2554 411 2583 Brut
433 2554 488 2592 81,
509 2554 585 2591 280,
608 2553 660 2586 cui
681 2552 800 2589 injuria
823 2551 953 2589 obloqui
976 2551 1105 2580 videtur
1127 2550 1250 2579 Auctor
1271 2548 1355 2578 Dial.
1378 2556 1406 2578 c.
1430 2550 1478 2579 21.
