1892 3007
1497 240 1535 264 XI

260 361 344 393 quas
358 354 571 401 potissimum
583 355 664 389 mihi
676 357 878 391 tractandas
891 368 1047 391 sumerem
1060 357 1270 400 quaestiones
1288 357 1511 391 Catullianas.

305 432 383 465 Jam
417 443 500 475 opus
533 432 770 477 aqqrediebar,
797 444 892 477 quum
914 445 962 473 me
995 434 1043 467 ad
1070 445 1106 468 se
1138 434 1271 468 vocavit
1298 434 1511 478 Gymnasium

255 510 485 544 Harkmense.
524 512 596 549 Quo
621 511 724 554 facto
758 511 861 545 otium
895 511 978 545 mibi
1013 511 1142 555 defuit,
1178 515 1217 545 ut
1254 522 1315 554 ea,
1354 522 1438 554 quae
1474 511 1510 544 in

254 585 363 624 animo
388 587 563 630 habebam,
582 588 779 633 perficerem
804 591 839 623 et
862 591 971 623 tamen
994 589 1104 623 omnia
1129 588 1316 623 suadebant
1335 591 1370 622 et
1384 591 1508 633 postu-

254 664 389 707 labant,
415 668 454 698 ut
473 665 569 698 intra
595 667 691 699 breve
718 666 888 700 admodum
915 670 1042 709 tempus
1069 677 1208 700 summos
1232 666 1269 700 in
1294 669 1415 700 nostra
1440 666 1509 699 dis-

252 740 381 786 ciplina
402 745 547 786 peterem
572 743 726 777 bonores.

303 820 392 853 Tunc
417 823 641 862 promotorem
675 821 748 854 adii
780 821 1112 862 aestumatissimum‚
1143 821 1259 853 Virum
1288 822 1336 854 Ol.
1369 822 1505 862 Conm,

252 907 315 939 quo
329 898 499 940 probante
521 897 680 941 quasdam
698 897 989 932 Oommentationis
1002 908 1090 932 meae
1096 900 1222 942 partes
1231 924 1241 940 ‚
1256 908 1340 941 quae
1354 896 1505 941 disjunqi

242 977 407 1016 poterant
439 978 474 1007 et
491 986 558 1018 per
584 986 619 1008 se
643 979 744 1009 erant
767 976 942 1009 absolutae
965 975 1101 1018 eolleqi,
1128 974 1239 1018 iisque
1267 974 1505 1014 Quaestionum

252 1051 520 1085 Oatuuianarum
546 1052 679 1086 titulum
705 1052 879 1096 inscripsi.

295 1128 345 1161 Et
369 1128 434 1161 hac
450 1128 641 1171 praefandi
656 1129 834 1171 facultate
853 1129 906 1162 uti
925 1128 1006 1162 mibi
1031 1129 1151 1170 liceat,
1177 1132 1215 1162 ut
1236 1129 1346 1163 debito
1368 1129 1499 1163 suavis-

244 1204 389 1247 simoque
401 1205 502 1249 qffcio
509 1206 713 1249 perfunqar‚
731 1206 816 1247 Tibi,
833 1206 896 1239 Vir
908 1206 1115 1248 Clarissime,
1129 1207 1308 1240 Promotor
1322 1207 1500 1240 Aestuma·

244 1282 389 1326 tissime,
398 1283 536 1328 qratias
549 1283 669 1328 aqendi
676 1295 744 1328 pro
763 1283 872 1318 variis
885 1282 1052 1328 beneficiis
1066 1310 1074 1326 ‚
1088 1283 1206 1327 quibus
1223 1282 1298 1317 Tibi
1309 1294 1357 1316 me
1370 1283 1500 1317 devinc-

241 1364 309 1394 tum
321 1361 439 1394 sentio.
459 1362 548 1395 luas
555 1361 761 1404 praedicare
782 1361 899 1396 laudes
920 1365 954 1395 et
975 1361 1162 1395 doctrinam
1188 1363 1291 1395 Tuam
1312 1361 1359 1395 ad
1377 1361 1499 1395 coelum

239 1438 357 1472 tollere
380 1449 445 1472 non
465 1438 568 1481 hujus
590 1438 655 1473 loci
675 1450 747 1473 esse
767 1438 897 1483 opinor.
922 1439 971 1474 At
987 1440 1106 1483 palam
1119 1442 1152 1472 et
1173 1449 1260 1472 nunc
1269 1439 1438 1483 profiteor
1453 1440 1488 1471 et

237 1526 363 1559 semper
377 1517 585 1560 profitebor,
607 1527 654 1549 me
673 1528 710 1550 eo
732 1516 896 1559 imprimi-s
923 1518 966 1550 Te
987 1516 1098 1550 ducem
1115 1516 1272 1550 habuisse
1289 1516 1495 1556 studiorum,

239 1592 327 1635 quod
336 1591 514 1636 discipulis
541 1592 621 1627 Tuis
643 1604 758 1627 sanam
779 1592 931 1627 indicare
943 1594 1032 1628 soles
1044 1592 1227 1627 methodum
1239 1595 1273 1626 et
1284 1591 1379 1636 ipsos
1390 1592 1498 1626 inves-

237 1669 349 1713 tiqare
366 1671 486 1712 jubes,
506 1681 565 1704 nec
588 1649 784 1714 cujusquam
809 1670 1013 1704 auctoritati
1040 1670 1217 1714 quidquam
1242 1670 1376 1704 credere
1400 1670 1435 1703 in
1457 1681 1497 1703 ea

234 1746 436 1790 disciplina,
450 1747 486 1781 in
513 1758 577 1790 qua
608 1749 656 1781 Pu
681 1759 825 1792 reqnare
851 1747 974 1791 optimo
992 1748 1077 1789 jure
1101 1750 1169 1781 tam
1191 1758 1291 1791 saepe
1314 1747 1425 1781 dictus
1448 1758 1494 1781 es.

234 1825 312 1858 Jam
344 1824 458 1868 accipe
489 1825 628 1868 qratias
643 1852 650 1859 .
688 1828 755 1858 tum
782 1836 851 1868 pro
871 1826 1061 1868 praeclara
1089 1824 1323 1863 institutione,
1348 1835 1411 1867 qua
1429 1834 1496 1867 per

233 1911 291 1934 sex
317 1912 423 1935 annos
448 1901 501 1935 uti
524 1905 558 1935 et
574 1901 658 1945 frui
686 1901 767 1935 mibi
793 1901 911 1942 licuit,
936 1905 1022 1940 tum,
1046 1902 1134 1944 quod
1150 1901 1359 1944 promotoris
1379 1911 1495 1933 munus

233 1978 460 2013 lubentissime
473 1978 655 2022 suscepisti
666 1982 699 2013 et
722 1979 803 2013 mihi
822 1979 982 2022 temporis
995 1978 1164 2022 anqustiis
1186 1978 1343 2022 impedito
1356 1981 1495 2011 strenua

234 2059 268 2090 et
282 2056 473 2099 festinanti
498 2068 603 2099 opera
628 2056 786 2100 adfuisti.

277 2134 395 2176 Neque
429 2134 497 2167 Vos
529 2133 611 2167 mihi
645 2133 729 2166 estis
760 2132 1019 2175 praetereundi,
1049 2132 1127 2165 Viri
1166 2132 1376 2171 Clarissimi,
1411 2142 1492 2174 quos

230 2213 359 2245 ceteros
388 2210 423 2244 in
453 2210 561 2245 variis
590 2209 782 2253 disciplinis
814 2209 849 2243 in
874 2210 938 2243 hac
966 2209 1148 2243 Academia
1176 2208 1279 2242 habui
1293 2211 1493 2252 praecepto-

227 2298 293 2322 res.
335 2277 436 2321 Non„
461 2287 529 2320 Vos
572 2285 765 2331 sinqulatim
799 2286 1019 2329 compellabo,
1062 2286 1250 2328 Vestraque
1287 2284 1492 2328 sinqulorum

228 2366 434 2410 sinqulorum
458 2376 540 2409 erqa
565 2375 612 2398 me
637 2363 758 2398 merita
776 2363 994 2407 praedicabo.
1025 2364 1118 2401 Quae
1142 2362 1226 2396 enim
1252 2365 1304 2395 tot
1329 2365 1492 2405 tantaque

219 2444 386 2486 fuerunt,
414 2445 451 2475 ut
483 2441 533 2475 sic
560 2442 660 2483 justo
684 2440 817 2485 lonqior
852 2439 1009 2474 evaderet
1037 2439 1228 2483 praefatio.
1261 2440 1339 2473 Hoc
1363 2442 1491 2472 tantum

227 2521 399 2565 affirmare
434 2520 507 2554 volo
521 2544 529 2558 ‚
570 2519 637 2552 Vos
671 2529 779 2552 omnes
812 2521 846 2551 et
877 2519 1065 2561 praeclara
1114 2518 1239 2550 Vestra
1276 2515 1491 2550 institutione
