1892 3007
930 237 1010 274 134

941 394 1030 427 XXI.

409 501 582 534 Catullum
609 501 672 534 sub
698 502 872 534 Mentulae
897 502 1036 534 nomine
1060 502 1270 535 Mamurram
1296 502 1480 546 carpsisse,
1512 502 1628 535 admo-

366 563 448 595 dum
475 564 647 597 versimile
672 567 733 597 est.

944 657 1051 689 XXII.

411 762 592 804 Volusius,
629 773 732 806 quem
771 773 799 795 c.
829 763 969 796 XXXVI
1005 763 1113 796 irrisit
1146 763 1299 796 Catullus
1331 774 1399 797 non
1432 767 1484 797 est
1518 764 1626 806 idem,

360 828 463 868 atque
490 826 659 858 Tanusius
690 825 864 858 Geminus.

937 919 1061 951 XXIII.

411 1024 521 1056 Codex
561 1025 829 1058 Catullianorum
866 1026 1057 1058 carminum
1094 1026 1296 1068 archetypus
1329 1026 1533 1058 Veronensis
1557 1037 1623 1058 non

367 1097 442 1120 eam
469 1087 589 1120 hahuit
615 1088 781 1129 sormam,
806 1098 909 1130 quam
936 1088 1139 1129 excogitavit
1164 1088 1411 1120 Lachmannus.

935 1208 1053 1241 XXIV.

418 1317 562 1349 Carmen
589 1317 818 1349 Catullianum
844 1316 954 1349 XXIX
979 1317 1074 1359 puris
1100 1316 1222 1349 iambis
1247 1317 1352 1349 fuisse
1376 1317 1624 1360 conscriptum,

363 1382 396 1411 et
430 1379 689 1411 Lachmannum
724 1383 757 1411 et
791 1378 976 1421 Hauptium
1000 1380 1078 1420 jure
1106 1380 1141 1411 id
1167 1381 1294 1421 egisse,
1320 1382 1356 1411 ut
1382 1380 1625 1411 emendationi-

360 1442 425 1474 bus
448 1442 518 1474 suis
540 1442 628 1474 hanc
649 1442 795 1475 formam
816 1443 996 1475 restituere
1014 1445 1219 1475 conarentur
1236 1445 1353 1475 contra
1370 1442 1623 1475 Froehlichium

367 1504 523 1547 (Mfinch.
552 1505 622 1537 Gel.
652 1505 745 1545 Anz.‚
772 1505 885 1547 1846,
909 1503 958 1537 n⁰.
985 1505 1072 1547 131)
1099 1505 1274 1537 cont-endo.

940 1612 1042 1645 XXV.

407 1705 489 1737 Jure
525 1715 543 1737 a
591 1704 837 1738 recentioribus
872 1704 1060 1737 editoribus
1097 1714 1234 1736 carmen
1261 1704 1489 1736 Catullianum
1516 1702 1561 1735 68
1587 1703 1622 1735 in

365 1769 450 1801 duas
476 1768 686 1811 disjungitur
710 1772 834 1810 partes.

929 1860 1049 1892 XXVI.

411 1953 540 1995 Injuria
567 1956 748 1994 utramque
774 1952 877 1993 hujus
903 1952 1064 1984 carminis
1089 1955 1220 1994 partem
1248 1962 1266 1983 a
1292 1951 1424 1983 Catullo
1450 1950 1622 1992 Gruppius

362 2016 507 2059 (Minos,
532 2026 564 2059 p.
592 2015 681 2057 503,
707 2013 797 2059 sqq.)
826 2014 1043 2056 abjudicavit.

919 2134 1055 2167 XXVII.

408 2229 536 2262 Versus
571 2229 618 2261 14
644 2229 807 2262 carminis
835 2227 928 2261 LXII
957 2227 1136 2260 Catulliani
1162 2227 1197 2259 in
1223 2228 1295 2260 solo
1321 2227 1435 2260 codice
1461 2227 1621 2259 Thuaneo

359 2297 573 2335 asservatus,
601 2293 743 2326 minime
770 2303 789 2325 a
813 2295 912 2336 poeta
939 2291 1183 2333 abjudicandus
1208 2294 1270 2324 est.

915 2413 1070 2446 XXVIII.

408 2510 503 2547 Quae
540 2507 740 2540 Schwabius
766 2507 800 2539 in
827 2506 969 2539 concilio
995 2506 1249 2547 Philologorum
1277 2506 1355 2538 anni
1380 2506 1475 2538 1863
1501 2505 1542 2537 de
1567 2515 1621 2537 co-

361 2572 495 2604 dicibus
530 2571 803 2604 Catullianorum
839 2569 1028 2602 carminum
1063 2569 1250 2612 disputavit
1287 2568 1355 2612 (eff.
1388 2569 1499 2602 Jahnii
1533 2569 1621 2602 Ann.
