1892 3007
907 229 959 264 45

303 359 492 402 poetarum
544 356 756 392 Latinorum
809 357 973 392 omnium
1026 357 1185 403 optimus
1236 355 1437 391 celebratus
1488 357 1546 392 sit.

294 511 581 547 “dichtsammlung
601 510 777 547 allerdings
787 510 844 539 dae
855 510 1086 539 vellemne-ete
1093 533 1102 548 ,
1113 519 1176 539 was
1186 510 1237 539 die
1249 509 1429 539 lateiniscke
1441 510 1554 539 Poma

293 572 483 611 “fiber-haupt
504 570 708 609 affamina
728 571 881 610 verm-'⁷
908 573 964 606 (R.
986 573 1024 602 G.
1045 573 1119 609 111,
1142 573 1227 607 585.)

329 634 395 664 Per
411 641 447 664 se
467 634 558 671 patet
579 641 638 673 noe
658 640 722 663 non
744 633 776 663 id
799 633 921 672 egisse,
939 635 975 663 ut
993 634 1150 670 judicium
1173 633 1320 663 omnibus
1338 633 1480 663 numeris
1497 633 1549 662 ab·

289 697 428 727 solutum
455 697 495 727 de
524 696 644 727 Catulli
666 696 795 733 ingenio
817 696 981 726 ferremus.
1004 696 1058 726 Sic
1080 697 1164 727 enim
1186 696 1417 727 attendendum
1435 696 1551 726 ruisset

291 759 331 788 1⁰.
360 759 400 788 ad
429 760 586 796 aetatem,
615 766 679 796 qua
706 760 803 795 poeta
830 759 984 796 pleraque
1006 759 1113 789 omnia
1131 760 1261 795 scripsit
1285 760 1403 795 (paene
1426 759 1548 788 adoles-

289 827 366 850 cens
386 822 532 850 mortuus
551 822 615 855 est)
633 833 640 854 ;
664 822 708 849 2⁰.
726 821 766 850 ad
788 821 941 851 lasciviae
964 823 997 850 et
1019 821 1219 857 petulantiae
1232 821 1375 857 vulgaris
1387 822 1419 850 in
1442 821 1549 851 verbis

288 883 516 920 imitationem,
538 890 602 920 qua
622 884 659 912 flt
680 884 717 912 ut
736 883 871 913 subinde
893 891 945 914 reu
963 884 1042 913 eatis
1063 883 1268 922 innoeentes,
1290 883 1400 913 verbis
1412 884 1541 914 obseoe-

286 945 337 975 nis
358 945 510 975 declaret.
532 945 681 981 Alieujus
700 945 855 974 momenti
883 945 936 975 hie
962 947 1037 975 sunt
1057 945 1160 982 ipsius
1181 947 1301 982 poetae
1318 946 1432 976 verba:
1457 946 1547 976 “nam

287 1007 428 1037 “eastum
447 1015 518 1037 esse
535 1007 629 1037 decet
646 1007 733 1043 pium
748 1008 876 1043 poetam
895 1007 999 1043 ipsum
1010 1028 1018 1044 ‚
1041 1008 1219 1037 versiculos
1230 1007 1455 1038 nihilneeesse
1467 1008 1548 1038 est.''

284 1070 364 1099 Fuit
389 1069 550 1107 Catullus,
573 1069 658 1106 quod
680 1077 743 1099 non
765 1069 894 1107 dubito,
916 1068 1011 1098 homo
1035 1069 1114 1099 satie
1140 1069 1335 1106 dissolutus,
1358 1070 1442 1099 idem
1464 1070 1546 1100 fidus

284 1132 412 1170 amicis,
441 1132 473 1161 in
502 1132 605 1162 dando
634 1134 667 1162 et
695 1132 923 1162 commodando
945 1132 1108 1170 liberalis,
1132 1131 1188 1162 sed
1212 1139 1250 1162 eo
1270 1132 1340 1169 ipso
1364 1131 1468 1162 fraudi
1491 1139 1544 1169 op-

283 1195 441 1230 portunus
469 1195 502 1223 et
531 1194 586 1231 qui
615 1195 709 1223 facile
730 1194 887 1231 Lesbiae,
909 1195 1039 1223 dolosae
1058 1196 1091 1223 et
1114 1194 1231 1229 impiae
1252 1195 1397 1223 mulieris
1418 1195 1545 1231 laqueis

282 1256 401 1286 irretiri
432 1264 468 1286 se
496 1257 671 1293 pateretur.
694 1256 735 1285 In
757 1256 843 1285 omni
862 1256 996 1286 lascivia
1017 1258 1051 1286 et
1069 1256 1252 1292 petulantia
1269 1258 1375 1286 tamen
1399 1257 1543 1293 coniugi—

279 1318 340 1348 alia
365 1319 483 1347 amoris
511 1319 698 1348 felicitatem
727 1326 767 1348 ex
795 1326 872 1348 vere
893 1319 1102 1357 aestimabat,
1123 1321 1160 1348 ut
1182 1327 1212 1346 v.
1236 1327 1266 1355 g.
1290 1319 1542 1354 Epithalamium

280 1379 391 1409 Manlii
420 1381 552 1417 egregie
572 1381 676 1411 docet.
695 1396 735 1401 —-
757 1381 846 1410 Haeo
872 1381 979 1410 omnia
999 1389 1063 1411 non
1085 1380 1262 1410 omittenda
1286 1381 1440 1416 fuissent3
1457 1388 1541 1410 nune

281 1449 357 1471 vero
380 1442 413 1471 id
436 1444 560 1472 tantum
583 1443 707 1479 egimus
729 1444 782 1481 ut,
803 1444 866 1472 duo
889 1451 960 1473 esse
983 1443 1185 1473 Catullianae
1206 1450 1326 1479 genera
1346 1450 1482 1478 poeseos
1494 1445 1543 1481 et,

277 1509 335 1534 eur
355 1505 401 1534 ita
422 1506 539 1542 poetae
557 1506 660 1535 nostri
684 1506 825 1535 earmina
847 1506 932 1535 inter
946 1513 1023 1535 vsese
1048 1505 1185 1535 diversa.
1199 1506 1283 1543 sint,
1306 1505 1502 1534 doceremus.
