1892 3007
975 243 1027 278 58

370 368 426 403 vir
463 368 693 404 Clarissimus
718 370 914 405 contendit.
944 370 1080 406 Contra
1109 370 1339 417 disputarunt
1376 370 1556 417 Hauptius
1583 374 1619 406 et

370 443 565 480 Bosscha1.
583 443 745 486 Quorum
770 445 830 481 hic
849 456 927 481 rem
948 446 999 481 ita
1017 441 1204 493 proponit,
1224 445 1327 492 quasi
1339 445 1619 481 Valckenaerius

368 530 431 554 eos
447 519 537 555 duos
545 530 669 555 versus
678 520 850 555 delendos
860 532 939 556 esse
947 522 1127 556 censuerit
1137 550 1146 566 ,
1157 522 1215 556 cui
1229 521 1440 556 adversatus
1454 510 1620 567 perhibet

369 597 439 632 hoc
462 595 571 631 modo
587 598 703 631 totum
728 596 846 631 locum
862 597 1023 632 truncari
1039 600 1075 632 et
1089 601 1217 644 poetae
1231 608 1377 644 prorsus
1392 597 1481 632 falsa
1495 596 1617 632 tribui.

369 671 474 713 Quod
484 682 609 707 verum
625 674 732 716 esset,
743 671 812 706 nisi
829 671 1111 707 Valckenaerius
1126 672 1293 719 opinatus
1307 674 1402 707 esset
1416 671 1454 706 in
1465 671 1618 706 duorum

368 747 639 792 deperditorum
654 746 772 781 locum
784 746 850 781 hos
863 747 971 782 falsos
985 758 1109 782 versus
1123 758 1202 783 esse
1212 747 1436 782 substitutos.
1448 745 1619 782 Ceterum

368 825 466 858 recte
481 821 758 866 animadvertit,
780 821 966 857 Cononem
992 834 1033 858 eo
1058 822 1189 858 vidisse
1212 822 1408 858 caesariem
1432 822 1528 879 clare
1551 821 1619 857 ful-

368 901 513 943 gentem
525 925 534 941 ,
550 899 591 932 ut
604 897 752 942 reginae
768 907 907 932 comam
925 908 1004 933 esse
1018 901 1239 943 agnosceret.
1262 897 1401 932 Deinde
1415 897 1618 944 quaestioni

369 973 619 1009 Valckenaerii
635 973 750 1008 curin
772 973 1030 1020 pollicitatione
1045 974 1170 1020 regina
1185 984 1206 1009 a
1222 972 1380 1018 Catullo,
1395 973 1450 1009 vel
1462 972 1581 1021 potius
1597 984 1618 1008 a

369 1048 603 1094 Callimacho,
613 1049 812 1095 fingeretur
821 1049 913 1084 levia
926 1050 1147 1096 protendens
1160 1049 1319 1094 brachia,
1333 1049 1539 1096 respondet;
1557 1048 1618 1084 “ut

368 1125 591 1160 indicaretur
613 1125 727 1160 animi
752 1125 954 1160 sollicitudo
978 1129 1014 1160 et
1028 1126 1137 1162 ardor
1149 1125 1365 1172 precantis”.
1382 1124 1430 1160 Ut
1444 1125 1508 1169 iis,
1524 1135 1618 1171 quae

369 1200 650 1236 Valckenaerius
666 1200 711 1235 de
725 1200 850 1236 multis
866 1200 944 1235 istis
959 1200 1028 1236 diis
1043 1200 1257 1248 disputavit,
1272 1202 1478 1245 succurrat,
1494 1211 1618 1235 emen-

368 1275 554 1310 dationem
583 1276 770 1322 proponit:

546 1355 674 1393 “Atque
697 1356 742 1386 ibi
764 1364 814 1386 me
836 1357 961 1387 cunctis
983 1364 1040 1393 pro
1062 1356 1147 1386 dulci
1169 1357 1307 1394 conjuge
1328 1356 1442 1386 divis.'’

422 1427 603 1473 Haupt-ius
627 1428 746 1463 acrius
766 1439 845 1463 rem
868 1429 1101 1475 persequitur
1124 1431 1160 1463 et
1181 1429 1350 1474 opinatur
1364 1428 1618 1464 Valckenaeri-

365 1514 449 1547 um,
487 1504 551 1550 qui
587 1514 732 1550 semper
765 1515 829 1548 ,se
852 1503 995 1550 judice,
1023 1503 1060 1539 in
1090 1503 1252 1539 versibus
1279 1504 1441 1539 delendis
1469 1504 1618 1540 consilio

365 1579 436 1613 fuit
467 1578 656 1623 calidiore,
681 1591 862 1626 nusquam
887 1581 1004 1626 magis
1028 1580 1202 1615 audacem
1221 1580 1332 1615 fuisse
1350 1591 1481 1626 ,quam
1502 1580 1539 1615 in
1550 1581 1618 1615 hac

365 1653 619 1702 disputatione.
651 1654 844 1702 “Neque'’,
869 1656 939 1701 ait,
968 1655 1085 1691 “serio
1099 1655 1261 1691 locutum
1277 1666 1355 1691 esse
1368 1655 1475 1692 credo
1500 1655 1618 1692 virum

369 1729 638 1776 “praeclarum,
654 1742 764 1777 quem
789 1732 890 1766 nefas
914 1734 970 1766 est
984 1734 1112 1778 putare
1135 1732 1225 1766 adeo
1248 1742 1411 1777 unquam
1436 1732 1617 1778 privatum

368 1806 502 1841 “fuisse
531 1806 631 1841 omni
662 1806 861 1842 venustatis
885 1818 1014 1852 sensu,
1032 1810 1079 1842 'ut
1102 1818 1176 1843 non
1200 1806 1338 1843 videret
1362 1806 1475 1842 claras
1499 1806 1617 1842 dicere

367 1881 558 1916 “debuisse
586 1881 665 1916 illas
692 1882 814 1917 stellas
839 1881 1122 1927 Callimachum,
1147 1882 1290 1917 etiamsi
1304 1885 1426 1917 essent
1440 1882 1619 1917 obscuris·

370 1955 541 1992 “simae.'’
578 1956 643 1992 Vir
671 1956 765 1993 Clar.
794 1957 1002 2002 annotavit,
1038 1957 1221 2005 qni,deos
1249 1960 1444 2005 precantur
1470 1956 1618 1993 brachia

362 2033 580 2080 protendere
603 2044 649 2068 ex
674 2033 879 2069 Homericis
905 2034 1129 2069 carminibus
1154 2034 1386 2069 notissimum
1406 2045 1494 2070 esse.
1521 2033 1568 2069 Et
1587 2034 1617 2069 is

362 2121 508 2157 quoque
544 2112 668 2145 tamen
702 2110 808 2157 plane
841 2110 1008 2146 concedit
1031 2110 1295 2158 ineptissimam
1323 2121 1402 2146 esse
1424 2109 1617 2146 lectionem

365 2184 514 2221 “multis
529 2185 716 2221 dearum”.
734 2185 835 2227 Quae
850 2197 895 2221 ex
910 2186 996 2232 ipsis
1012 2185 1226 2221 Callimachi
1241 2185 1360 2221 verbis
1375 2186 1425 2220 ita
1437 2197 1482 2221 ex
1493 2185 1618 2232 Haup-

362 2261 403 2296 tii
432 2260 640 2308 conjectura
664 2261 922 2297 emendantur:
943 2261 1106 2297 “cunctis
1117 2261 1302 2297 deorum'’.
1318 2260 1378 2296 Nil
1389 2261 1487 2297 enim
1498 2260 1618 2296 differt

360 2336 481 2372 littera
502 2348 521 2372 o
532 2364 541 2380 ,
555 2341 597 2372 ut
621 2337 657 2371 in
673 2337 796 2373 codice
811 2337 1012 2373 Veronensi
1026 2337 1200 2384 scriptum
1215 2337 1283 2372 fuit
1293 2364 1302 2381 ‚
1318 2347 1339 2371 a
1354 2336 1474 2372 littera
1488 2349 1512 2372 a
1528 2338 1540 2358 ²
1552 2364 1561 2381 ,
1575 2340 1618 2371 ut

397 2513 405 2529 ¹
429 2508 469 2537 L.
492 2507 512 2537 l.
535 2516 565 2544 p.
590 2508 638 2538 18.

394 2573 408 2593 ²
428 2572 467 2608 Q.
495 2571 530 2601 C.
556 2579 585 2607 p.
606 2572 655 2600 82.
679 2570 733 2600 Sic
756 2578 783 2600 c.
806 2572 862 2608 64,
886 2571 922 2600 77
948 2569 1301 2606 “Androgeoneae''-in
1322 2569 1484 2599 codicibus
1505 2569 1624 2606 legitur
