1892 3007
803 244 878 281 101

217 376 304 408 runt
329 377 472 408 tantum
499 376 563 408 aut
589 372 841 408 demonstrare
871 372 990 408 conati
1020 376 1106 408 sunt
1136 371 1305 407 Laebiam
1332 370 1467 407 Catulli

216 449 327 484 fuisse
361 449 538 484 famosam
576 447 614 482 P.
654 447 770 483 Clodii
809 448 947 483 tribuni
984 448 1098 495 plebis
1137 448 1267 483 famosi
1291 459 1465 483 sororem.

216 523 298 559 Jam
336 523 465 559 Petrus
506 522 714 558 Victorius¹
761 522 979 558 exclamavit
1021 524 1139 570 ipsum
1182 526 1326 570 poetam
1376 522 1467 558 “hoc

222 598 434 635 “ostendere
463 598 575 634 videri
603 598 659 634 vel
685 599 806 645 potius
839 599 1031 634 manifesto
1060 599 1279 634 declarare.’'
1318 599 1471 645 Antiqui

216 676 539 719 commentatores,
568 674 630 720 qui
659 672 844 709 Catullum
872 674 1100 721 interpretati
1131 677 1218 709 sunt
1244 671 1410 710 Muretus
1436 678 1472 709 et

216 749 354 786 Statius
390 742 496 796 plane
533 761 616 785 cum
654 761 697 785 eo
734 750 982 794 consentiunt,
1026 753 1179 797 uterque
1215 750 1261 785 ad
1298 750 1471 785 carminis

216 825 333 860 LVIII
361 829 411 861 v's.
440 824 461 860 1
476 852 485 869 ,
515 825 574 860 ille
602 825 749 872 quidem
779 824 953 861 mendose
980 825 1128 865 tradens
1170 824 1364 872 Apulejum
1394 828 1469 860 tra-

215 900 368 943 didisse,
405 900 581 946 puellam,
623 899 740 946 “quae
778 900 815 934 in
852 900 1037 935 amoribus
1076 911 1118 935 ac
1156 900 1293 936 deliciis
1323 900 1464 935 Catullo

219 975 329 1020 “fuit‚
358 986 540 1022 quamque
565 976 640 1021 ipse
666 975 834 1011 Lesbiam
863 976 1137 1021 mominaverit,
1164 976 1329 1013 Clodiam
1344 976 1464 1021 illam,

221 1050 282 1086 “P.
313 1050 429 1086 Clodii
453 1062 637 1094 sororem,
662 1051 794 1094 fuisse,
819 1050 922 1096 cujus
951 1062 972 1086 a
1000 1051 1111 1087 fratre
1138 1052 1297 1109 primum
1313 1051 1470 1087 delibata

224 1126 441 1173 “pudicitia”
473 1129 562 1170 cet.‚
600 1126 660 1161 hic
695 1136 780 1161 vero
816 1125 1016 1161 modestius
1053 1138 1157 1161 suam
1185 1129 1327 1161 tantum
1359 1127 1470 1173 ipsius

216 1202 402 1249 proferens
425 1201 655 1248 opinionem,
681 1200 843 1237 Clodiam
869 1201 986 1245 illam,
1012 1213 1120 1249 quam
1146 1202 1348 1238 nominavit
1370 1201 1468 1249 Apu-

215 1277 307 1325 lejus
330 1278 485 1313 eandem
509 1278 620 1313 fuisse
643 1281 752 1325 atque
776 1289 877 1322 eam,
902 1289 995 1324 quae
1018 1281 1073 1313 est
1091 1278 1135 1313 “a
1152 1277 1347 1314 Plutarcho
1371 1278 1468 1314 dicta

219 1351 537 1393 Quadrantarid'.

272 1428 318 1463 Et
354 1429 408 1464 uti
445 1429 703 1475 antiquiores,'
727 1429 779 1464 sic
815 1429 1035 1464 recentiores
1065 1440 1208 1475 quoque
1237 1429 1400 1476 plerique
1430 1430 1467 1464 in

219 1504 347 1539 Lesbia
386 1503 589 1539 Catulliana
617 1503 685 1539 sibi
716 1503 880 1540 Clodiam
909 1504 1016 1539 istam
1046 1515 1245 1550 agnoscere
1276 1505 1344 1540 visi
1373 1508 1468 1540 sunt.

218 1578 298 1623 Sic,
326 1582 368 1614 ut
398 1590 419 1614 a
447 1578 524 1614 viro
552 1579 689 1625 optime
716 1579 761 1613 de
791 1578 932 1614 Catullo
972 1580 1103 1614 merito
1143 1579 1290 1614 initium
1317 1579 1469 1623 ducam,

213 1655 394 1703 Hauptius
411 1656 423 1676 ²
454 1654 499 1689 de
528 1665 571 1689 ea
600 1665 640 1689 re
668 1654 717 1689 ita
747 1654 908 1701 scripsit:
940 1653 1035 1690 “Sed
1061 1654 1219 1702 puellam
1244 1654 1342 1689 illam
1369 1666 1469 1690 ama-

217 1731 315 1767 “tam
352 1733 513 1774 tantum,
551 1733 688 1777 quanta
726 1730 909 1765 amabitur
949 1730 1045 1766 nulla
1075 1742 1149 1765 non
1179 1730 1361 1766 diversam
1391 1743 1470 1766 esse

216 1807 260 1842 “a
299 1806 448 1850 Lesbia,
479 1805 648 1841 Lesbiam
677 1808 800 1841 autem
830 1805 994 1841 Clodiam
1034 1806 1142 1842 istam
1172 1817 1251 1841 esse
1281 1806 1470 1849 Quadran-

214 1882 387 1926 “tariam,
416 1882 624 1927 rectiusque
653 1893 763 1928 quam
792 1893 908 1928 nuper
941 1882 1078 1917 factum
1108 1882 1261 1917 memini
1290 1882 1335 1918 de
1360 1895 1403 1918 ea
1431 1882 1473 1918 re'

214 1956 356 1993 “seculo
393 1956 534 1992 decimo
550 1954 565 1968 ¹
576 1959 680 1992 sexto
709 1957 900 2004 primarios
929 1957 1106 2004 quosdam
1146 1957 1242 1993 viros
1266 1956 1469 2003 judicasse,

215 2033 376 2079 “liquido
405 2032 622 2067 confirmare
648 2043 752 2078 posse
780 2033 871 2067 mihi
900 2033 1024 2068 videor
1031 2060 1119 2068 .....
1159 2045 1283 2068 verum
1321 2034 1366 2069 ab
1401 2035 1470 2069 hac

213 2107 547 2144 “demonstratione
585 2119 682 2143 nunc
722 2107 870 2155 quidem
907 2107 1165 2144 abstinendum
1208 2120 1287 2144 esse
1328 2121 1468 2145 censeO.

214 2183 314 2219 “Etsi
353 2185 451 2219 enim
490 2195 702 2230 spurcarum
740 2195 862 2219 rerum
902 2184 1221 2230 investigationem
1257 2196 1364 2232 saepe
1393 2179 1468 2220 tam

213 2258 309 2294 “non
338 2270 531 2306 possumus
560 2259 731 2305 defugere
760 2259 1010 2305 grammatici,
1040 2271 1149 2306 quam
1178 2260 1273 2295 ultro
1301 2272 1382 2296 eam
1406 2272 1469 2307 ap-

217 2332 363 2381 “petere
400 2337 506 2380 turpe
544 2337 618 2378 est,
656 2337 779 2369 tamen
817 2346 837 2370 a
878 2334 1020 2381 publico
1058 2334 1257 2382 colloquio,
1294 2336 1351 2371 cui
1381 2336 1470 2371 haec

245 2516 252 2533 ¹
279 2513 352 2541 Var.
376 2513 466 2542 Lect.
491 2513 586 2549 XVI,
610 2515 637 2542 1.

241 2576 253 2595 ²
276 2574 416 2605 observ.
439 2575 596 2612 criticae,
620 2584 649 2611 p.
673 2576 702 2603 8.
