<?xml version="1.0" encoding="UTF-8"?>
<!DOCTYPE html PUBLIC "-//W3C//DTD XHTML 1.0 Transitional//EN"
    "http://www.w3.org/TR/xhtml1/DTD/xhtml1-transitional.dtd">
<html xmlns="http://www.w3.org/1999/xhtml" xml:lang="en" lang="en">
 <head>
  <title>
</title>
<meta http-equiv="Content-Type" content="text/html;charset=utf-8" />
  <meta name='ocr-system' content='tesseract 3.04.00' />
  <meta name='ocr-capabilities' content='ocr_page ocr_carea ocr_par ocr_line ocrx_word'/>
</head>
<body>
  <div class='ocr_page' id='page_1' title='image "./4738081_0033.png"; bbox 0 0 1892 3007; ppageno 0'>
   <div class='ocr_carea' id='block_1_1' title="bbox 948 222 1000 258">
    <p class='ocr_par' dir='ltr' id='par_1_1' title="bbox 948 222 1000 258">
     <span class='ocr_line' id='line_1_1' title="bbox 948 222 1000 258; baseline 0 0"><span class='ocrx_word' id='word_1_1' title='bbox 948 222 1000 258; x_wconf 63' lang='lat'>¹14</span> 
     </span>
    </p>
   </div>
   <div class='ocr_carea' id='block_1_2' title="bbox 337 348 1593 548">
    <p class='ocr_par' dir='ltr' id='par_1_2' title="bbox 337 348 1593 548">
     <span class='ocr_line' id='line_1_2' title="bbox 392 348 1592 397; baseline 0.002 -13"><span class='ocrx_word' id='word_1_2' title='bbox 392 349 446 384; x_wconf 80' lang='lat'>4⁰.</span> <span class='ocrx_word' id='word_1_3' title='bbox 476 348 639 384; x_wconf 86' lang='lat' dir='ltr'><strong>Catullus</strong></span> <span class='ocrx_word' id='word_1_4' title='bbox 668 348 863 385; x_wconf 88' lang='lat' dir='ltr'>Caesarem</span> <span class='ocrx_word' id='word_1_5' title='bbox 894 350 1042 385; x_wconf 89' lang='lat' dir='ltr'>unicum</span> <span class='ocrx_word' id='word_1_6' title='bbox 1073 350 1329 397; x_wconf 83' lang='lat' dir='ltr'>imperatorem</span> <span class='ocrx_word' id='word_1_7' title='bbox 1354 351 1465 395; x_wconf 80' lang='lat' dir='ltr'><strong>dixit,</strong></span> <span class='ocrx_word' id='word_1_8' title='bbox 1490 350 1592 397; x_wconf 89' lang='lat' dir='ltr'>cujus</span> 
     </span>
     <span class='ocr_line' id='line_1_3' title="bbox 337 423 1593 473; baseline 0.002 -14"><span class='ocrx_word' id='word_1_9' title='bbox 337 425 496 460; x_wconf 89' lang='lat' dir='ltr'>nominis</span> <span class='ocrx_word' id='word_1_10' title='bbox 523 426 702 460; x_wconf 88' lang='lat' dir='ltr'>honorem</span> <span class='ocrx_word' id='word_1_11' title='bbox 731 436 775 459; x_wconf 87' lang='lat' dir='ltr'>ex</span> <span class='ocrx_word' id='word_1_12' title='bbox 804 423 889 460; x_wconf 89' lang='lat' dir='ltr'>Scto</span> <span class='ocrx_word' id='word_1_13' title='bbox 926 436 1023 461; x_wconf 90' lang='lat' dir='ltr'>anno</span> <span class='ocrx_word' id='word_1_14' title='bbox 1051 426 1198 460; x_wconf 76' lang='lat' dir='ltr'>denium</span> <span class='ocrx_word' id='word_1_15' title='bbox 1239 425 1316 461; x_wconf 90' lang='lat'>708</span> <span class='ocrx_word' id='word_1_16' title='bbox 1339 427 1487 473; x_wconf 88' lang='lat' dir='ltr'>accepit.</span> <span class='ocrx_word' id='word_1_17' title='bbox 1512 426 1593 462; x_wconf 91' lang='lat' dir='ltr'>Non</span> 
     </span>
     <span class='ocr_line' id='line_1_4' title="bbox 337 499 1591 548; baseline 0.002 -13"><span class='ocrx_word' id='word_1_18' title='bbox 337 500 531 546; x_wconf 87' lang='lat' dir='ltr'>obloquor,</span> <span class='ocrx_word' id='word_1_19' title='bbox 554 500 620 536; x_wconf 85' lang='lat' dir='ltr'>sed</span> <span class='ocrx_word' id='word_1_20' title='bbox 642 500 719 547; x_wconf 90' lang='lat' dir='ltr'>ipse</span> <span class='ocrx_word' id='word_1_21' title='bbox 744 499 905 547; x_wconf 79' lang='lat' dir='ltr'>Scaliger</span> <span class='ocrx_word' id='word_1_22' title='bbox 929 502 1082 546; x_wconf 84' lang='lat' dir='ltr'>fatetur,</span> <span class='ocrx_word' id='word_1_23' title='bbox 1107 513 1146 537; x_wconf 91' lang='lat' dir='ltr'>se</span> <span class='ocrx_word' id='word_1_24' title='bbox 1166 502 1260 537; x_wconf 91' lang='lat' dir='ltr'>scire</span> <span class='ocrx_word' id='word_1_25' title='bbox 1288 502 1591 548; x_wconf 84' lang='lat' dir='ltr'>“imperatorem&#39;’</span> 
     </span>
    </p>
   </div>
   <div class='ocr_carea' id='block_1_3' title="bbox 335 574 1591 623">
    <p class='ocr_par' dir='ltr' id='par_1_3' title="bbox 335 574 1591 623">
     <span class='ocr_line' id='line_1_5' title="bbox 335 574 1591 623; baseline 0.002 -14"><span class='ocrx_word' id='word_1_26' title='bbox 335 586 401 621; x_wconf 94' lang='lat' dir='ltr'>pro</span> <span class='ocrx_word' id='word_1_27' title='bbox 416 575 594 610; x_wconf 82' lang='lat' dir='ltr'>“eximio’&#39;</span> <span class='ocrx_word' id='word_1_28' title='bbox 609 587 714 622; x_wconf 90' lang='lat' dir='ltr'>posse</span> <span class='ocrx_word' id='word_1_29' title='bbox 728 574 842 622; x_wconf 85' lang='lat' dir='ltr'>accipi</span> <span class='ocrx_word' id='word_1_30' title='bbox 857 587 977 623; x_wconf 91' lang='lat' dir='ltr'>neque</span> <span class='ocrx_word' id='word_1_31' title='bbox 989 576 1289 623; x_wconf 86' lang='lat' dir='ltr'>pertendentibus</span> <span class='ocrx_word' id='word_1_32' title='bbox 1304 577 1591 612; x_wconf 82' lang='lat' dir='ltr'><strong>adversaturum.</strong></span> 
     </span>
    </p>
   </div>
   <div class='ocr_carea' id='block_1_4' title="bbox 274 648 1589 701">
    <p class='ocr_par' dir='ltr' id='par_1_4' title="bbox 274 648 1589 701">
     <span class='ocr_line' id='line_1_6' title="bbox 274 648 1589 701; baseline 0.002 -17"><span class='ocrx_word' id='word_1_33' title='bbox 274 648 285 660; x_wconf 55' lang='lat'>⁴⁴</span> <span class='ocrx_word' id='word_1_34' title='bbox 337 648 376 684; x_wconf 90' lang='lat' dir='ltr'>Si</span> <span class='ocrx_word' id='word_1_35' title='bbox 402 650 551 697; x_wconf 90' lang='lat' dir='ltr'>quidem</span> <span class='ocrx_word' id='word_1_36' title='bbox 573 650 714 701; x_wconf 83' lang='lat' dir='ltr'>reliqua</span> <span class='ocrx_word' id='word_1_37' title='bbox 738 649 816 696; x_wconf 88' lang='lat' dir='ltr'>ejus</span> <span class='ocrx_word' id='word_1_38' title='bbox 837 654 1054 697; x_wconf 82' lang='lat' dir='ltr'>argumenta</span> <span class='ocrx_word' id='word_1_39' title='bbox 1077 663 1151 687; x_wconf 91' lang='lat' dir='ltr'>non</span> <span class='ocrx_word' id='word_1_40' title='bbox 1174 651 1381 696; x_wconf 83' lang='lat' dir='ltr'>sufficiunt,</span> <span class='ocrx_word' id='word_1_41' title='bbox 1403 651 1474 687; x_wconf 91' lang='lat' dir='ltr'>hoc</span> <span class='ocrx_word' id='word_1_42' title='bbox 1496 651 1589 688; x_wconf 86' lang='lat' dir='ltr'>nihil</span> 
     </span>
    </p>
   </div>
   <div class='ocr_carea' id='block_1_5' title="bbox 328 725 1592 2355">
    <p class='ocr_par' dir='ltr' id='par_1_5' title="bbox 335 725 1592 1000">
     <span class='ocr_line' id='line_1_7' title="bbox 335 725 1592 772; baseline 0.002 -13"><span class='ocrx_word' id='word_1_43' title='bbox 335 725 480 771; x_wconf 88' lang='lat' dir='ltr'>probari</span> <span class='ocrx_word' id='word_1_44' title='bbox 503 728 631 771; x_wconf 89' lang='lat' dir='ltr'>potest.</span> <span class='ocrx_word' id='word_1_45' title='bbox 657 725 785 761; x_wconf 89' lang='lat' dir='ltr'>Melior</span> <span class='ocrx_word' id='word_1_46' title='bbox 808 727 998 772; x_wconf 83' lang='lat' dir='ltr'>explicatio</span> <span class='ocrx_word' id='word_1_47' title='bbox 1014 727 1157 761; x_wconf 89' lang='lat' dir='ltr'>videtur</span> <span class='ocrx_word' id='word_1_48' title='bbox 1179 726 1371 772; x_wconf 84' lang='lat' dir='ltr'>Scaligeri,</span> <span class='ocrx_word' id='word_1_49' title='bbox 1398 728 1592 762; x_wconf 89' lang='lat' dir='ltr'>“unicum’&#39;</span> 
     </span>
     <span class='ocr_line' id='line_1_8' title="bbox 336 801 1591 857; baseline 0.002 -21"><span class='ocrx_word' id='word_1_50' title='bbox 336 801 511 836; x_wconf 82' lang='lat' dir='ltr'>eximium</span> <span class='ocrx_word' id='word_1_51' title='bbox 550 813 629 837; x_wconf 84' lang='lat' dir='ltr'>esse</span> <span class='ocrx_word' id='word_1_52' title='bbox 666 801 943 849; x_wconf 79' lang='lat' dir='ltr'>interpretantis</span> <span class='ocrx_word' id='word_1_53' title='bbox 960 830 969 847; x_wconf 87' lang='lat'>‚</span> <span class='ocrx_word' id='word_1_54' title='bbox 1008 813 1119 849; x_wconf 89' lang='lat' dir='ltr'>quam</span> <span class='ocrx_word' id='word_1_55' title='bbox 1152 802 1251 838; x_wconf 86' lang='lat' dir='ltr'>Petri</span> <span class='ocrx_word' id='word_1_56' title='bbox 1287 802 1421 857; x_wconf 31' lang='lat' dir='ltr'>Blaelii,</span> <span class='ocrx_word' id='word_1_57' title='bbox 1456 802 1520 849; x_wconf 81' lang='lat' dir='ltr'>qui</span> <span class='ocrx_word' id='word_1_58' title='bbox 1548 814 1591 838; x_wconf 91' lang='lat' dir='ltr'>eo</span> 
     </span>
     <span class='ocr_line' id='line_1_9' title="bbox 337 876 1591 921; baseline 0.002 -11"><span class='ocrx_word' id='word_1_59' title='bbox 337 876 511 911; x_wconf 82' lang='lat' dir='ltr'>vocabulo</span> <span class='ocrx_word' id='word_1_60' title='bbox 549 877 618 911; x_wconf 90' lang='lat' dir='ltr'>hoc</span> <span class='ocrx_word' id='word_1_61' title='bbox 654 877 808 912; x_wconf 88' lang='lat' dir='ltr'>indicari</span> <span class='ocrx_word' id='word_1_62' title='bbox 845 878 1051 921; x_wconf 86' lang='lat' dir='ltr'>existimat,</span> <span class='ocrx_word' id='word_1_63' title='bbox 1090 877 1282 913; x_wconf 88' lang='lat' dir='ltr'>Caesarem</span> <span class='ocrx_word' id='word_1_64' title='bbox 1323 877 1442 912; x_wconf 89' lang='lat' dir='ltr'>solum</span> <span class='ocrx_word' id='word_1_65' title='bbox 1480 878 1591 912; x_wconf 86' lang='lat' dir='ltr'>fuisse</span> 
     </span>
     <span class='ocr_line' id='line_1_10' title="bbox 336 951 1344 1000; baseline 0.002 -14"><span class='ocrx_word' id='word_1_66' title='bbox 336 951 614 998; x_wconf 85' lang='lat' dir='ltr'>imperatorem,</span> <span class='ocrx_word' id='word_1_67' title='bbox 644 952 707 998; x_wconf 93' lang='lat' dir='ltr'>qui</span> <span class='ocrx_word' id='word_1_68' title='bbox 745 952 783 986; x_wconf 92' lang='lat' dir='ltr'>in</span> <span class='ocrx_word' id='word_1_69' title='bbox 822 952 1054 988; x_wconf 85' lang='lat' dir='ltr'>Britanniam</span> <span class='ocrx_word' id='word_1_70' title='bbox 1088 953 1344 1000; x_wconf 85' lang='lat' dir='ltr'>penetraverit.</span> 
     </span>
    </p>

    <p class='ocr_par' dir='ltr' id='par_1_6' title="bbox 335 1026 1589 1299">
     <span class='ocr_line' id='line_1_11' title="bbox 390 1026 1589 1075; baseline 0.001 -15"><span class='ocrx_word' id='word_1_71' title='bbox 390 1026 443 1060; x_wconf 85' lang='lat'>5⁰.</span> <span class='ocrx_word' id='word_1_72' title='bbox 484 1026 646 1061; x_wconf 82' lang='lat' dir='ltr'>Catullus</span> <span class='ocrx_word' id='word_1_73' title='bbox 680 1026 954 1075; x_wconf 41' lang='lat' dir='ltr'>-Chronicorum</span> <span class='ocrx_word' id='word_1_74' title='bbox 995 1027 1166 1073; x_wconf 90' lang='lat' dir='ltr'>Nepotis,</span> <span class='ocrx_word' id='word_1_75' title='bbox 1211 1027 1273 1073; x_wconf 90' lang='lat' dir='ltr'>qui</span> <span class='ocrx_word' id='word_1_76' title='bbox 1314 1027 1382 1062; x_wconf 86' lang='lat' dir='ltr'>sub</span> <span class='ocrx_word' id='word_1_77' title='bbox 1425 1027 1589 1073; x_wconf 81' lang='lat' dir='ltr'>Augusto</span> 
     </span>
     <span class='ocr_line' id='line_1_12' title="bbox 335 1084 1588 1138; baseline 0.001 -2"><span class='ocrx_word' id='word_1_78' title='bbox 335 1102 459 1136; x_wconf 87' lang='lat' dir='ltr'>floruit</span> <span class='ocrx_word' id='word_1_79' title='bbox 497 1102 735 1138; x_wconf 88' lang='lat' dir='ltr'>mentionem.</span> <span class='ocrx_word' id='word_1_80' title='bbox 761 1102 898 1137; x_wconf 89' lang='lat' dir='ltr'>Verum</span> <span class='ocrx_word' id='word_1_81' title='bbox 927 1105 991 1138; x_wconf 89' lang='lat' dir='ltr'>est.</span> <span class='ocrx_word' id='word_1_82' title='bbox 1022 1084 1094 1137; x_wconf 76' lang='lat' dir='ltr'>sed</span> <span class='ocrx_word' id='word_1_83' title='bbox 1122 1102 1220 1137; x_wconf 87' lang='lat' dir='ltr'>aliud</span> <span class='ocrx_word' id='word_1_84' title='bbox 1248 1105 1303 1137; x_wconf 90' lang='lat' dir='ltr'>est</span> <span class='ocrx_word' id='word_1_85' title='bbox 1331 1102 1462 1137; x_wconf 87' lang='lat' dir='ltr'>florere</span> <span class='ocrx_word' id='word_1_86' title='bbox 1490 1102 1588 1137; x_wconf 81' lang='lat' dir='ltr'>aliud</span> 
     </span>
     <span class='ocr_line' id='line_1_13' title="bbox 336 1176 1588 1225; baseline -0.001 -12"><span class='ocrx_word' id='word_1_87' title='bbox 336 1189 425 1223; x_wconf 93' lang='lat' dir='ltr'>opus</span> <span class='ocrx_word' id='word_1_88' title='bbox 449 1177 487 1212; x_wconf 91' lang='lat' dir='ltr'>in</span> <span class='ocrx_word' id='word_1_89' title='bbox 511 1177 629 1213; x_wconf 89' lang='lat' dir='ltr'>lucem</span> <span class='ocrx_word' id='word_1_90' title='bbox 648 1178 776 1221; x_wconf 90' lang='lat' dir='ltr'>edere,</span> <span class='ocrx_word' id='word_1_91' title='bbox 792 1189 912 1224; x_wconf 92' lang='lat' dir='ltr'>neque</span> <span class='ocrx_word' id='word_1_92' title='bbox 926 1177 972 1213; x_wconf 89' lang='lat' dir='ltr'>de</span> <span class='ocrx_word' id='word_1_93' title='bbox 986 1180 1169 1224; x_wconf 90' lang='lat' dir='ltr'>tempore,</span> <span class='ocrx_word' id='word_1_94' title='bbox 1184 1189 1256 1224; x_wconf 92' lang='lat' dir='ltr'>quo</span> <span class='ocrx_word' id='word_1_95' title='bbox 1272 1177 1392 1225; x_wconf 86' lang='lat' dir='ltr'>Nepos</span> <span class='ocrx_word' id='word_1_96' title='bbox 1408 1176 1588 1212; x_wconf 85' lang='lat' dir='ltr'>Chronica</span> 
     </span>
     <span class='ocr_line' id='line_1_14' title="bbox 335 1252 891 1299; baseline 0.002 -12"><span class='ocrx_word' id='word_1_97' title='bbox 335 1252 479 1299; x_wconf 86' lang='lat' dir='ltr'>scripsit</span> <span class='ocrx_word' id='word_1_98' title='bbox 508 1252 710 1299; x_wconf 91' lang='lat' dir='ltr'>quidquam</span> <span class='ocrx_word' id='word_1_99' title='bbox 739 1256 891 1288; x_wconf 87' lang='lat' dir='ltr'>constat.</span> 
     </span>
    </p>

    <p class='ocr_par' dir='ltr' id='par_1_7' title="bbox 328 1327 1588 2355">
     <span class='ocr_line' id='line_1_15' title="bbox 388 1327 1588 1375; baseline 0 -13"><span class='ocrx_word' id='word_1_100' title='bbox 388 1328 555 1374; x_wconf 89' lang='lat' dir='ltr'>Denique</span> <span class='ocrx_word' id='word_1_101' title='bbox 592 1328 645 1363; x_wconf 86' lang='lat'>6⁰.</span> <span class='ocrx_word' id='word_1_102' title='bbox 684 1340 729 1363; x_wconf 88' lang='lat' dir='ltr'>ex</span> <span class='ocrx_word' id='word_1_103' title='bbox 766 1328 929 1364; x_wconf 86' lang='lat' dir='ltr'>carmine</span> <span class='ocrx_word' id='word_1_104' title='bbox 966 1327 1097 1363; x_wconf 89' lang='lat' dir='ltr'>Catulli</span> <span class='ocrx_word' id='word_1_105' title='bbox 1133 1327 1286 1363; x_wconf 87' lang='lat' dir='ltr'>seculari</span> <span class='ocrx_word' id='word_1_106' title='bbox 1324 1331 1448 1375; x_wconf 91' lang='lat' dir='ltr'>patere</span> <span class='ocrx_word' id='word_1_107' title='bbox 1484 1331 1588 1374; x_wconf 86' lang='lat' dir='ltr'>putat</span> 
     </span>
     <span class='ocr_line' id='line_1_16' title="bbox 335 1402 1585 1450; baseline 0.001 -13"><span class='ocrx_word' id='word_1_108' title='bbox 335 1402 516 1448; x_wconf 81' lang='lat' dir='ltr'>Scaliger,</span> <span class='ocrx_word' id='word_1_109' title='bbox 554 1414 637 1438; x_wconf 93' lang='lat' dir='ltr'>eum</span> <span class='ocrx_word' id='word_1_110' title='bbox 675 1403 779 1439; x_wconf 90' lang='lat' dir='ltr'>ludos</span> <span class='ocrx_word' id='word_1_111' title='bbox 816 1404 903 1439; x_wconf 91' lang='lat' dir='ltr'>anni</span> <span class='ocrx_word' id='word_1_112' title='bbox 944 1403 1020 1438; x_wconf 90' lang='grc'>736</span> <span class='ocrx_word' id='word_1_113' title='bbox 1056 1403 1259 1439; x_wconf 60' lang='lat' dir='ltr'>saeculares</span> <span class='ocrx_word' id='word_1_114' title='bbox 1287 1406 1478 1450; x_wconf 83' lang='lat' dir='ltr'>spectasse.</span> <span class='ocrx_word' id='word_1_115' title='bbox 1514 1402 1585 1438; x_wconf 88' lang='lat' dir='ltr'>Sed</span> 
     </span>
     <span class='ocr_line' id='line_1_17' title="bbox 334 1479 1582 1515; baseline 0 -1"><span class='ocrx_word' id='word_1_116' title='bbox 334 1490 482 1514; x_wconf 89' lang='lat' dir='ltr'>carmen</span> <span class='ocrx_word' id='word_1_117' title='bbox 520 1479 572 1514; x_wconf 79' lang='lat'>34</span> <span class='ocrx_word' id='word_1_118' title='bbox 608 1491 682 1514; x_wconf 93' lang='lat' dir='ltr'>non</span> <span class='ocrx_word' id='word_1_119' title='bbox 720 1482 776 1514; x_wconf 85' lang='lat' dir='ltr'>est</span> <span class='ocrx_word' id='word_1_120' title='bbox 812 1491 961 1515; x_wconf 88' lang='lat' dir='ltr'>carmen</span> <span class='ocrx_word' id='word_1_121' title='bbox 996 1479 1209 1515; x_wconf 87' lang='lat' dir='ltr'>saeculare¹</span> <span class='ocrx_word' id='word_1_122' title='bbox 1247 1482 1283 1514; x_wconf 92' lang='lat' dir='ltr'>et</span> <span class='ocrx_word' id='word_1_123' title='bbox 1310 1490 1353 1515; x_wconf 88' lang='lat' dir='ltr'>ea</span> <span class='ocrx_word' id='word_1_124' title='bbox 1381 1479 1427 1514; x_wconf 93' lang='lat' dir='ltr'>de</span> <span class='ocrx_word' id='word_1_125' title='bbox 1455 1489 1582 1514; x_wconf 83' lang='lat' dir='ltr'>caussa</span> 
     </span>
     <span class='ocr_line' id='line_1_18' title="bbox 332 1553 1582 1591; baseline 0 -2"><span class='ocrx_word' id='word_1_126' title='bbox 332 1566 407 1590; x_wconf 92' lang='lat' dir='ltr'>non</span> <span class='ocrx_word' id='word_1_127' title='bbox 444 1565 592 1591; x_wconf 87' lang='lat' dir='ltr'>necesse</span> <span class='ocrx_word' id='word_1_128' title='bbox 628 1557 684 1590; x_wconf 90' lang='lat' dir='ltr'>est</span> <span class='ocrx_word' id='word_1_129' title='bbox 717 1566 801 1590; x_wconf 91' lang='lat' dir='ltr'>cum</span> <span class='ocrx_word' id='word_1_130' title='bbox 838 1554 966 1590; x_wconf 89' lang='lat' dir='ltr'>Vossio</span> <span class='ocrx_word' id='word_1_131' title='bbox 1004 1554 1196 1590; x_wconf 87' lang='lat' dir='ltr'>credamus</span> <span class='ocrx_word' id='word_1_132' title='bbox 1237 1554 1341 1589; x_wconf 92' lang='lat' dir='ltr'>ludos</span> <span class='ocrx_word' id='word_1_133' title='bbox 1380 1553 1582 1589; x_wconf 89' lang='lat' dir='ltr'>saeculares</span> 
     </span>
     <span class='ocr_line' id='line_1_19' title="bbox 332 1629 1581 1676; baseline -0.001 -11"><span class='ocrx_word' id='word_1_134' title='bbox 332 1630 477 1666; x_wconf 87' lang='lat' dir='ltr'>habitos</span> <span class='ocrx_word' id='word_1_135' title='bbox 514 1641 593 1665; x_wconf 91' lang='lat' dir='ltr'>esse</span> <span class='ocrx_word' id='word_1_136' title='bbox 620 1641 717 1665; x_wconf 89' lang='lat' dir='ltr'>anno</span> <span class='ocrx_word' id='word_1_137' title='bbox 754 1629 831 1665; x_wconf 88' lang='lat'>700</span> <span class='ocrx_word' id='word_1_138' title='bbox 859 1633 923 1665; x_wconf 88' lang='lat' dir='ltr'>aut</span> <span class='ocrx_word' id='word_1_139' title='bbox 952 1629 1049 1674; x_wconf 77' lang='lat'>704,</span> <span class='ocrx_word' id='word_1_140' title='bbox 1087 1630 1184 1676; x_wconf 91' lang='lat' dir='ltr'>quod</span> <span class='ocrx_word' id='word_1_141' title='bbox 1212 1629 1311 1664; x_wconf 90' lang='lat' dir='ltr'>nullo</span> <span class='ocrx_word' id='word_1_142' title='bbox 1345 1629 1581 1675; x_wconf 80' lang='lat' dir='ltr'>antiquorum</span> 
     </span>
     <span class='ocr_line' id='line_1_20' title="bbox 332 1703 1583 1752; baseline -0.001 -12"><span class='ocrx_word' id='word_1_143' title='bbox 332 1706 550 1752; x_wconf 82' lang='lat' dir='ltr'>scriptorum</span> <span class='ocrx_word' id='word_1_144' title='bbox 605 1705 815 1740; x_wconf 87' lang='lat' dir='ltr'>testimonio</span> <span class='ocrx_word' id='word_1_145' title='bbox 862 1705 1118 1749; x_wconf 85' lang='lat' dir='ltr'>confirmatur,</span> <span class='ocrx_word' id='word_1_146' title='bbox 1176 1708 1302 1740; x_wconf 90' lang='lat' dir='ltr'>contra</span> <span class='ocrx_word' id='word_1_147' title='bbox 1350 1703 1583 1750; x_wconf 82' lang='lat' dir='ltr'>redarguitur</span> 
     </span>
     <span class='ocr_line' id='line_1_21' title="bbox 331 1778 1583 1823; baseline -0.002 -8"><span class='ocrx_word' id='word_1_148' title='bbox 331 1781 433 1815; x_wconf 88' lang='lat' dir='ltr'>fastis</span> <span class='ocrx_word' id='word_1_149' title='bbox 461 1779 720 1815; x_wconf 87' lang='lat' dir='ltr'>Consularihus</span> <span class='ocrx_word' id='word_1_150' title='bbox 747 1780 794 1815; x_wconf 85' lang='lat' dir='ltr'>ad</span> <span class='ocrx_word' id='word_1_151' title='bbox 822 1791 960 1816; x_wconf 89' lang='lat' dir='ltr'>annum</span> <span class='ocrx_word' id='word_1_152' title='bbox 990 1780 1068 1815; x_wconf 84' lang='grc'>736</span> <span class='ocrx_word' id='word_1_153' title='bbox 1096 1784 1133 1815; x_wconf 89' lang='lat' dir='ltr'>et</span> <span class='ocrx_word' id='word_1_154' title='bbox 1168 1780 1295 1815; x_wconf 87' lang='lat' dir='ltr'>Dionis</span> <span class='ocrx_word' id='word_1_155' title='bbox 1324 1779 1460 1823; x_wconf 84' lang='lat' dir='ltr'>Cassii,</span> <span class='ocrx_word' id='word_1_156' title='bbox 1489 1778 1583 1814; x_wconf 89' lang='lat' dir='ltr'>Cen-</span> 
     </span>
     <span class='ocr_line' id='line_1_22' title="bbox 330 1842 1584 1903; baseline -0.002 -12"><span class='ocrx_word' id='word_1_157' title='bbox 330 1856 517 1902; x_wconf 89' lang='lat' dir='ltr'>sorinique</span> <span class='ocrx_word' id='word_1_158' title='bbox 537 1842 777 1901; x_wconf 83' lang='lat' dir='ltr'>testimoniis,</span> <span class='ocrx_word' id='word_1_159' title='bbox 799 1856 863 1903; x_wconf 89' lang='lat' dir='ltr'>qui</span> <span class='ocrx_word' id='word_1_160' title='bbox 886 1856 994 1892; x_wconf 86' lang='lat' dir='ltr'>ambo</span> <span class='ocrx_word' id='word_1_161' title='bbox 1018 1856 1087 1892; x_wconf 87' lang='lat' dir='ltr'>hoc</span> <span class='ocrx_word' id='word_1_162' title='bbox 1100 1867 1197 1892; x_wconf 89' lang='lat' dir='ltr'>anno</span> <span class='ocrx_word' id='word_1_163' title='bbox 1211 1855 1317 1891; x_wconf 92' lang='lat' dir='ltr'>ludos</span> <span class='ocrx_word' id='word_1_164' title='bbox 1331 1866 1411 1891; x_wconf 87' lang='lat' dir='ltr'>esse</span> <span class='ocrx_word' id='word_1_165' title='bbox 1426 1854 1584 1890; x_wconf 87' lang='lat' dir='ltr'>celebra-</span> 
     </span>
     <span class='ocr_line' id='line_1_23' title="bbox 330 1931 1582 1978; baseline -0.001 -12"><span class='ocrx_word' id='word_1_166' title='bbox 330 1935 386 1967; x_wconf 88' lang='lat' dir='ltr'>tos</span> <span class='ocrx_word' id='word_1_167' title='bbox 424 1931 664 1967; x_wconf 87' lang='lat' dir='ltr'>tradiderunt.</span> <span class='ocrx_word' id='word_1_168' title='bbox 701 1931 830 1978; x_wconf 86' lang='lat' dir='ltr'>Neque</span> <span class='ocrx_word' id='word_1_169' title='bbox 865 1931 1060 1978; x_wconf 84' lang='lat' dir='ltr'>probabilis</span> <span class='ocrx_word' id='word_1_170' title='bbox 1098 1934 1153 1966; x_wconf 87' lang='lat' dir='ltr'>est</span> <span class='ocrx_word' id='word_1_171' title='bbox 1191 1931 1306 1966; x_wconf 88' lang='lat' dir='ltr'>Bealii</span> <span class='ocrx_word' id='word_1_172' title='bbox 1343 1931 1484 1977; x_wconf 88' lang='lat' dir='ltr'>opinio,</span> <span class='ocrx_word' id='word_1_173' title='bbox 1524 1931 1582 1966; x_wconf 90' lang='lat' dir='ltr'>cui</span> 
     </span>
     <span class='ocr_line' id='line_1_24' title="bbox 331 2007 1580 2054; baseline 0 -12"><span class='ocrx_word' id='word_1_174' title='bbox 331 2007 494 2043; x_wconf 90' lang='lat' dir='ltr'>Catullus</span> <span class='ocrx_word' id='word_1_175' title='bbox 530 2007 675 2043; x_wconf 84' lang='lat' dir='ltr'>videtur</span> <span class='ocrx_word' id='word_1_176' title='bbox 711 2018 860 2042; x_wconf 90' lang='lat' dir='ltr'>carmen</span> <span class='ocrx_word' id='word_1_177' title='bbox 884 2007 1069 2043; x_wconf 87' lang='lat' dir='ltr'>saeculare</span> <span class='ocrx_word' id='word_1_178' title='bbox 1098 2007 1363 2054; x_wconf 89' lang='lat' dir='ltr'>composuisse,</span> <span class='ocrx_word' id='word_1_179' title='bbox 1392 2007 1580 2053; x_wconf 61' lang='lat' dir='ltr'>opinaturi,</span> 
     </span>
     <span class='ocr_line' id='line_1_25' title="bbox 330 2062 1582 2126; baseline -0.002 -8"><span class='ocrx_word' id='word_1_180' title='bbox 330 2085 407 2118; x_wconf 86' lang='lat' dir='ltr'>fore</span> <span class='ocrx_word' id='word_1_181' title='bbox 434 2085 476 2117; x_wconf 92' lang='lat' dir='ltr'>ut</span> <span class='ocrx_word' id='word_1_182' title='bbox 503 2082 579 2116; x_wconf 89' lang='lat' dir='ltr'>ludi</span> <span class='ocrx_word' id='word_1_183' title='bbox 606 2093 704 2117; x_wconf 91' lang='lat' dir='ltr'>anno</span> <span class='ocrx_word' id='word_1_184' title='bbox 744 2081 823 2116; x_wconf 83' lang='lat'>704</span> <span class='ocrx_word' id='word_1_185' title='bbox 859 2062 1148 2126; x_wconf 85' lang='lat' dir='ltr'>celebrarentur,</span> <span class='ocrx_word' id='word_1_186' title='bbox 1186 2082 1239 2116; x_wconf 92' lang='lat' dir='ltr'>uti</span> <span class='ocrx_word' id='word_1_187' title='bbox 1268 2081 1439 2117; x_wconf 87' lang='lat' dir='ltr'>celebrati</span> <span class='ocrx_word' id='word_1_188' title='bbox 1477 2084 1582 2117; x_wconf 87' lang='lat' dir='ltr'>erant</span> 
     </span>
     <span class='ocr_line' id='line_1_26' title="bbox 330 2156 1581 2203; baseline -0.002 -9"><span class='ocrx_word' id='word_1_189' title='bbox 330 2170 427 2194; x_wconf 91' lang='lat' dir='ltr'>anno</span> <span class='ocrx_word' id='word_1_190' title='bbox 452 2157 541 2193; x_wconf 85' lang='lat'><strong>604.</strong></span> <span class='ocrx_word' id='word_1_191' title='bbox 566 2157 664 2192; x_wconf 90' lang='lat' dir='ltr'>Nihil</span> <span class='ocrx_word' id='word_1_192' title='bbox 689 2160 764 2202; x_wconf 87' lang='lat' dir='ltr'>est,</span> <span class='ocrx_word' id='word_1_193' title='bbox 791 2157 889 2192; x_wconf 91' lang='lat' dir='ltr'>unde</span> <span class='ocrx_word' id='word_1_194' title='bbox 910 2157 1054 2193; x_wconf 83' lang='lat' dir='ltr'>efficere</span> <span class='ocrx_word' id='word_1_195' title='bbox 1076 2157 1275 2203; x_wconf 87' lang='lat' dir='ltr'>possimus,</span> <span class='ocrx_word' id='word_1_196' title='bbox 1299 2156 1481 2192; x_wconf 89' lang='lat' dir='ltr'>Catullum</span> <span class='ocrx_word' id='word_1_197' title='bbox 1505 2160 1581 2191; x_wconf 89' lang='lat' dir='ltr'>tam</span> 
     </span>
     <span class='ocr_line' id='line_1_27' title="bbox 328 2231 1580 2279; baseline -0.002 -10"><span class='ocrx_word' id='word_1_198' title='bbox 328 2234 531 2270; x_wconf 85' lang='lat' dir='ltr'>studiosum</span> <span class='ocrx_word' id='word_1_199' title='bbox 555 2233 667 2268; x_wconf 88' lang='lat' dir='ltr'>fuisse</span> <span class='ocrx_word' id='word_1_200' title='bbox 689 2232 919 2279; x_wconf 87' lang='lat' dir='ltr'>antiquitatis</span> <span class='ocrx_word' id='word_1_201' title='bbox 943 2232 1151 2277; x_wconf 89' lang='lat' dir='ltr'>Romanae,</span> <span class='ocrx_word' id='word_1_202' title='bbox 1165 2235 1207 2267; x_wconf 92' lang='lat' dir='ltr'>ut</span> <span class='ocrx_word' id='word_1_203' title='bbox 1231 2232 1312 2267; x_wconf 86' lang='lat' dir='ltr'>talis</span> <span class='ocrx_word' id='word_1_204' title='bbox 1334 2233 1387 2267; x_wconf 90' lang='lat' dir='ltr'>rei</span> <span class='ocrx_word' id='word_1_205' title='bbox 1412 2231 1580 2267; x_wconf 86' lang='lat' dir='ltr'>notitiam</span> 
     </span>
     <span class='ocr_line' id='line_1_28' title="bbox 328 2307 1581 2355; baseline -0.002 -10"><span class='ocrx_word' id='word_1_206' title='bbox 328 2309 516 2354; x_wconf 89' lang='lat' dir='ltr'>habuerit,</span> <span class='ocrx_word' id='word_1_207' title='bbox 557 2320 676 2355; x_wconf 79' lang='lat' dir='ltr'>neque¹</span> <span class='ocrx_word' id='word_1_208' title='bbox 718 2311 885 2355; x_wconf 88' lang='lat' dir='ltr'>apparet,</span> <span class='ocrx_word' id='word_1_209' title='bbox 924 2311 1068 2355; x_wconf 88' lang='lat' dir='ltr'>praeter</span> <span class='ocrx_word' id='word_1_210' title='bbox 1105 2307 1363 2343; x_wconf 88' lang='lat' dir='ltr'>nonnullorum</span> <span class='ocrx_word' id='word_1_211' title='bbox 1404 2319 1506 2355; x_wconf 89' lang='lat' dir='ltr'>spem</span> <span class='ocrx_word' id='word_1_212' title='bbox 1545 2311 1581 2343; x_wconf 91' lang='lat' dir='ltr'>et</span> 
     </span>
    </p>
   </div>
   <div class='ocr_carea' id='block_1_6' title="bbox 328 2383 1576 2431">
    <p class='ocr_par' dir='ltr' id='par_1_8' title="bbox 328 2383 1576 2431">
     <span class='ocr_line' id='line_1_29' title="bbox 328 2383 1576 2431; baseline -0.002 -12"><span class='ocrx_word' id='word_1_213' title='bbox 328 2386 536 2431; x_wconf 89' lang='lat' dir='ltr'>opinionem</span> <span class='ocrx_word' id='word_1_214' title='bbox 560 2388 638 2419; x_wconf 87' lang='lat' dir='ltr'>tam</span> <span class='ocrx_word' id='word_1_215' title='bbox 659 2384 727 2423; x_wconf 64' lang='lat' dir='ltr'>⁴diu</span> <span class='ocrx_word' id='word_1_216' title='bbox 750 2387 831 2430; x_wconf 91' lang='lat' dir='ltr'>post</span> <span class='ocrx_word' id='word_1_217' title='bbox 854 2395 992 2418; x_wconf 89' lang='lat' dir='ltr'>annum</span> <span class='ocrx_word' id='word_1_218' title='bbox 1012 2387 1190 2418; x_wconf 88' lang='lat' dir='ltr'>statutum</span> <span class='ocrx_word' id='word_1_219' title='bbox 1211 2383 1315 2417; x_wconf 89' lang='lat' dir='ltr'>ludos</span> <span class='ocrx_word' id='word_1_220' title='bbox 1330 2383 1473 2418; x_wconf 88' lang='lat' dir='ltr'>habitos</span> <span class='ocrx_word' id='word_1_221' title='bbox 1488 2395 1576 2418; x_wconf 88' lang='lat' dir='ltr'>esse.</span> 
     </span>
    </p>
   </div>
   <div class='ocr_carea' id='block_1_7' title="bbox 368 2491 507 2498">
    <p class='ocr_par' dir='ltr' id='par_1_9' title="bbox 368 2491 507 2498">
     <span class='ocr_line' id='line_1_30' title="bbox 368 2491 507 2498; baseline 0 0"><span class='ocrx_word' id='word_1_222' title='bbox 368 2491 507 2498; x_wconf 95' lang='lat' dir='ltr'> </span> 
     </span>
    </p>
   </div>
   <div class='ocr_carea' id='block_1_8' title="bbox 372 2545 1578 2583">
    <p class='ocr_par' dir='ltr' id='par_1_10' title="bbox 372 2545 1578 2583">
     <span class='ocr_line' id='line_1_31' title="bbox 372 2545 1578 2583; baseline 0 -8"><span class='ocrx_word' id='word_1_223' title='bbox 372 2549 378 2567; x_wconf 87' lang='lat'><em>¹</em></span> <span class='ocrx_word' id='word_1_224' title='bbox 404 2545 564 2575; x_wconf 83' lang='lat' dir='ltr'>Schwabe</span> <span class='ocrx_word' id='word_1_225' title='bbox 587 2546 605 2574; x_wconf 93' lang='grc' dir='ltr'>Ι.</span> <span class='ocrx_word' id='word_1_226' title='bbox 630 2546 650 2574; x_wconf 91' lang='lat' dir='ltr'>l.</span> <span class='ocrx_word' id='word_1_227' title='bbox 673 2554 701 2581; x_wconf 89' lang='lat' dir='ltr'>p.</span> <span class='ocrx_word' id='word_1_228' title='bbox 725 2547 780 2574; x_wconf 84' lang='lat'>34:</span> <span class='ocrx_word' id='word_1_229' title='bbox 804 2546 863 2575; x_wconf 82' lang='lat' dir='ltr'>“ne</span> <span class='ocrx_word' id='word_1_230' title='bbox 885 2546 1016 2575; x_wconf 81' lang='lat' dir='ltr'>verbum</span> <span class='ocrx_word' id='word_1_231' title='bbox 1041 2546 1168 2583; x_wconf 87' lang='lat' dir='ltr'>quidem</span> <span class='ocrx_word' id='word_1_232' title='bbox 1192 2546 1233 2575; x_wconf 88' lang='lat' dir='ltr'>ibi</span> <span class='ocrx_word' id='word_1_233' title='bbox 1253 2547 1293 2576; x_wconf 88' lang='lat' dir='ltr'>de</span> <span class='ocrx_word' id='word_1_234' title='bbox 1305 2547 1412 2577; x_wconf 77' lang='lat' dir='ltr'>seculo</span> <span class='ocrx_word' id='word_1_235' title='bbox 1427 2545 1578 2583; x_wconf 75' lang='lat' dir='ltr'>legitur.”</span> 
     </span>
    </p>
   </div>
  </div>
 </body>
</html>
