1892 3007
969 224 1019 258 90

369 333 494 369 Attine
534 333 682 381 ejusque
724 334 916 369 comitibus
955 334 1214 381 perficiuntur,
1273 336 1422 371 citatum
1450 336 1542 371 flunt
1576 336 1613 370 in

374 409 544 453 modum,
564 410 602 444 cf
619 421 669 444 vs.
687 409 729 452 2,
747 409 790 453 8,
818 407 887 452 18,
918 408 979 444 26.
1005 408 1150 451 Quare‘?
1180 409 1273 451 Quia
1296 411 1396 445 furor
1419 422 1479 446 eos
1502 411 1614 458 cepit,

370 483 498 518 rabida
521 495 648 527 mens,
683 495 775 529 quae
804 483 959 529 Magnae
982 484 1109 518 matris
1137 484 1340 519 sacerdotes
1367 485 1547 528 stimulat,
1573 488 1615 519 ut

369 562 489 593 sumto
540 558 608 593 levi
662 561 813 604 typano,
855 559 954 603 vagis
1001 559 1137 593 similes
1178 559 1365 605 pecoribus
1401 570 1465 605 per
1505 571 1615 605 opaca

370 633 549 678 Phrygiae
598 636 792 679 properent
839 643 1008 675 nemora3
1050 633 1201 667 citatum
1242 633 1352 678 igitur
1393 633 1616 668 desideratur

368 710 549 750 metrum,
593 707 689 753 quod
724 707 832 742 simul
864 708 914 742 ita
952 710 1199 753 comparatum
1238 710 1312 751 est,
1350 710 1391 742 ut
1428 708 1501 742 fere
1542 718 1613 742 non

370 782 477 816 metri
503 781 641 827 legibus
668 793 796 828 parere
819 782 992 817 videatur.
1009 782 1135 828 Itaque
1159 793 1287 817 censeo
1311 784 1524 827 argumento
1539 793 1616 817 car-

369 857 478 892 minis
502 857 636 903 optime
661 860 818 893 metrum
843 858 1043 893 convenire.
1062 858 1174 893 Recte
1188 858 1299 903 igitur
1326 857 1436 892 abbas
1460 857 1565 892 Conti
1584 859 1612 891 ¹:

372 930 429 976 “je
453 943 512 966 me
540 932 709 966 bornerai
744 932 837 966 donc
864 943 885 966 a
913 943 1123 977 remaquer‚
1153 943 1222 978 que
1250 932 1283 966 le
1308 932 1478 978 rhythme
1492 931 1614 966 sautil-

372 1005 470 1040 “lant
482 1033 491 1049 ‚
515 1007 638 1052 rapide
649 1034 657 1050 ‚
682 1006 839 1052 bruyant
851 1034 860 1050 ‚
889 1007 1062 1053 precipite
1077 1034 1086 1050 ,
1102 1006 1191 1041 dont
1205 1006 1238 1041 le
1252 1008 1358 1053 poete
1373 1018 1393 1042 a
1409 1007 1473 1041 fait
1490 1006 1593 1041 choix
1605 1033 1614 1049 ‚

373 1080 416 1114 “a
440 1092 489 1114 un
513 1083 704 1115 caractere
741 1080 970 1125 d'agitation,
1008 1081 1254 1126 d’egarement
1290 1083 1324 1115 et
1353 1080 1398 1114 de
1426 1080 1613 1123 desordre,

374 1155 458 1200 “qui
486 1156 654 1190 convient
678 1156 707 1190 si
736 1156 990 1201 parfaitement
1017 1166 1064 1189 au
1091 1155 1185 1200 sujet
1214 1155 1300 1200 qu'il
1328 1155 1454 1198 traite,
1483 1166 1553 1200 que
1576 1154 1615 1199 je

371 1229 477 1264 “n'en
493 1230 569 1264 vois
591 1240 709 1264 aucun
737 1232 840 1264 autre
867 1229 998 1276 auquel
1022 1240 1067 1264 on
1095 1230 1160 1275 psit
1182 1229 1393 1275 l'appliquer
1416 1239 1499 1263 sans
1523 1228 1616 1262 bles-

372 1303 453 1339 “ser
485 1308 603 1340 toutes
631 1305 681 1339 les
709 1305 775 1339 lois
803 1305 847 1339 de
874 1305 908 1339 la
937 1305 1198 1339 convenance’'.

423 1379 494 1414 Sed
506 1379 592 1425 quid
602 1382 789 1425 praeterea
801 1379 844 1414 de
856 1378 985 1414 Catulli
994 1379 1154 1414 carmine
1164 1379 1384 1414 censendum
1397 1378 1471 1413 est‘?
1479 1378 1615 1413 Admo-

368 1454 455 1488 dum
468 1454 614 1489 difficile
628 1454 769 1489 videtur
784 1454 852 1488 hac
866 1454 902 1488 in
918 1465 958 1488 re
968 1453 1145 1499 judicium
1160 1454 1270 1497 ferre,
1285 1453 1381 1499 quod
1391 1454 1615 1498 argumentis

366 1528 481 1563 firmis
508 1531 544 1562 et
576 1527 820 1574 probabilibus
844 1528 1050 1563 confirmari
1079 1528 1201 1574 possit.
1232 1527 1310 1562 Hoc
1339 1528 1429 1562 mihi
1454 1531 1613 1563 constat:

365 1604 470 1649 longe
506 1604 779 1649 praeferendum
802 1615 879 1639 esse
914 1604 981 1639 hoc
1004 1614 1150 1639 carmen
1178 1603 1312 1648 elegiae
1330 1603 1611 1648 Callimacheae,

366 1689 476 1724 quam
505 1690 613 1725 supra
628 1679 880 1722 tractavimus3
902 1681 987 1714 sunt
1010 1679 1107 1713 enim
1122 1679 1160 1712 in
1185 1678 1308 1713 Attine
1332 1679 1436 1713 multi
1451 1678 1614 1722 loci‚uhi
1652 1710 1655 1712 .

364 1753 532 1788 doctrina
558 1731 630 1788 non
657 1755 795 1799 fugavit
819 1754 982 1789 animum
1006 1754 1206 1799 poeticum,
1222 1756 1307 1788 sunt
1329 1757 1469 1799 partes,
1485 1754 1615 1800 quibus

363 1840 499 1874 aequus
544 1828 676 1875 judex,
723 1840 805 1864 mea
851 1829 1034 1876 opinione,
1078 1839 1239 1864 summas
1282 1839 1353 1863 non
1395 1831 1512 1875 potest
1554 1840 1615 1863 ne-

364 1915 450 1950 gare
491 1904 626 1939 laudes.
667 1904 738 1939 Sed
778 1907 904 1940 contra
939 1908 974 1939 et
1015 1904 1129 1939 multa
1171 1904 1315 1949 insunt,
1359 1915 1451 1950 quae
1492 1916 1615 1939 severo

363 1979 472 2024 digna
520 1982 606 2014 sunt
640 1978 797 2024 judicio,
827 1979 921 2025 quod
948 1979 992 2014 de
1020 1981 1096 2013 toto
1125 1978 1286 2013 carmine
1312 1978 1394 2013 tulit
1422 1978 1615 2014 Mommse-

361 2064 449 2096 nus,
494 2053 555 2088 ubi
599 2054 651 2088 ait
676 2055 731 2087 2;”
779 2054 880 2089 Auch
920 2057 1028 2088 unter
1074 2054 1144 2088 den
1183 2052 1392 2098 Originalen
1429 2053 1614 2099 begegnen

367 2128 635 2174 “gedrechselte
683 2128 953 2175 Modepoesien,
990 2129 1060 2163 wie
1094 2128 1152 2163 die
1180 2127 1500 2163 iiberkiinstlichen
1532 2128 1614 2163 Gal-

366 2203 547 2238 “liamben
576 2215 656 2239 zum
685 2203 783 2239 Lohe
808 2204 872 2239 der
917 2204 1164 2250 Phrygischen
1190 2202 1355 2237 Mutter.’'
1371 2202 1478 2237 Haud
1492 2203 1614 2249 procul

359 2291 380 2315 a
403 2291 487 2314 vero
511 2280 636 2315 abesse
664 2280 754 2314 mihi
785 2280 927 2315 videtur
959 2279 1060 2314 Doct.
1087 2278 1235 2323 Helbig,
1260 2278 1321 2324 qui
1345 2278 1396 2312 ita
1419 2279 1559 2324 scripsit
1576 2281 1588 2301 ³
1604 2290 1617 2334 εγ

397 2423 402 2440 ¹
432 2421 463 2448 in
488 2420 536 2448 ed.
568 2420 706 2448 Nandet.
728 2428 757 2455 p.
779 2421 847 2448 433.

399 2484 410 2503 2‘
435 2482 478 2511 R.
503 2482 541 2511 G.
564 2482 638 2519 III,
660 2482 729 2510 584.

394 2548 406 2566 ³
432 2544 606 2574 Deutsche
627 2544 738 2573 Jahrb.
762 2546 822 2573 etc.
845 2544 864 2572 l.
888 2544 907 2572 1.
