1892 3007
816 241 894 276 133

800 397 893 430 XIII.

271 504 355 537 Ibid.
383 503 401 547 g
429 504 491 536 35:
526 507 612 549 ἡμεῖς
637 504 694 550 μὲν
718 506 820 538 τοίνυν
847 506 899 537 οὐκ
922 505 1119 548 ἠθελήσαμεν
1143 502 1203 536 ὑπὸ
1226 504 1344 537 τούτων
1367 504 1475 543 ἀξιού-

224 576 311 610 μενοι
336 568 522 604 πεισθῆναι,
550 567 622 609 lege
648 568 708 612 οὐχ
731 567 791 600 ὑπὸ
815 568 932 600 τούτων
956 567 1100 611 ἠξιοῦμεν
1125 567 1303 601 πεισθῆναι.

808 689 896 722 XIV.

271 810 310 842 In
333 810 484 852 ejusdem
510 820 558 843 or.
585 810 712 844 XXXII
731 810 783 855 §A
815 810 991 843 deleantur
1016 810 1135 843 verba:
1161 810 1282 842 πολλῶν
1306 811 1477 856 χρημάτων

221 873 444 919 ἀπεστέρηνται
468 875 527 906 καί.

812 994 881 1026 XV.

267 1102 351 1134 Ibid.
380 1101 396 1144 g
426 1101 464 1133 5:
491 1101 603 1147 Χρόνῳ
628 1101 664 1133 δὲ
686 1103 812 1147 ὕστερον
827 1103 1001 1146 καταλεγεὶς
1024 1100 1173 1139 Διόδοτος
1192 1101 1270 1146 μετὰ
1289 1102 1477 1147 Θρασύλλου

150 1167 153 1170 ’
216 1167 271 1195 τοῦ
306 1163 356 1196 ἑτι-ἰ
387 1168 448 1196 τῶν
482 1162 615 1195 ὀπλιτῶν
629 1187 636 1199 .
672 1164 848 1196 deleantur
881 1159 984 1196 verb—a
1017 1163 1095 1209 μετὰ
1126 1164 1313 1210 Θρασύλλου
1341 1167 1396 1195 τοῦ
1428 1164 1477 1195 ἐπί

218 1236 367 1267 quorum
394 1226 461 1258 duo
487 1226 611 1273 uItima
636 1236 704 1258 non
731 1226 948 1269 reperiuntur
972 1227 1007 1258 in
1033 1226 1130 1259 codd.
1158 1226 1263 1259 Italis.

805 1347 892 1381 XVI.

262 1456 380 1500 Ibid.§
401 1456 464 1489 12:
483 1467 544 1500 pro
566 1459 635 1504 περὶ
654 1462 716 1490 τῶν
741 1458 932 1503 πραγμάτων
958 1457 1090 1499 legatur
1114 1456 1183 1503 περὶ
1206 1460 1267 1488 τῶν
1292 1457 1474 1501 χρημάτων.

794 1579 899 1611 XVII.

265 1700 350 1733 Ibid.
378 1700 395 1745 Ξ
424 1701 487 1733 13:
513 1701 564 1734 καὶ
587 1702 715 1738 τούτους
740 1702 790 1733 καὶ
812 1701 883 1738 τοὺς
909 1702 1035 1747 ὕστερον
1055 1702 1170 1749 ἐμαυτῇ
1194 1702 1378 1746 γενομένους
1398 1699 1472 1745 ὁμὸ-

215 1776 269 1797 σαι
296 1763 374 1797 ’όπου
399 1762 437 1797 ἄν
462 1763 553 1802 αὐτὸς
580 1765 689 1812 λέγῃς,
714 1775 776 1808 pro
803 1766 890 1814 λέγῃς
914 1766 1116 1798 restituatur
1140 1765 1267 1813 κελούῃς.

785 1888 907 1921 XVIII.

266 1995 352 2028 Ibid.
389 1995 406 2039 ἓ
443 1995 484 2029 21
523 1995 570 2028 ita
602 1995 782 2037 legendum
817 2005 890 2028 esse
923 1996 1074 2029 videtur:
1108 1994 1144 2028 τὸ
1184 1993 1271 2040 [μὲν]
1311 1998 1407 2040 ἥμισυ
1430 1993 1472 2028 ὦν

217 2058 308 2100 (cod.
335 2057 451 2101 αὐτῶν)
479 2059 591 2094 τίθησι
623 2057 673 2102 [τὸ
699 2057 734 2091 δὲ
760 2058 853 2091 deest
878 2059 913 2090 in
938 2057 1050 2102 codd]
1082 2060 1203 2096 τούτοις
1228 2058 1416 2104 λελόγισται.

803 2180 891 2212 XIX.

267 2286 353 2319 Ibid.
383 2285 483 2329 §292
511 2284 580 2320 οὔθ’
593 2285 653 2319 ὑπὸ
675 2291 739 2319 τῶν·
762 2286 881 2333 λῃστῶν
905 2286 1104 2323 ἀπολωλεκὼς
1127 2285 1196 2319 οὔτε
1213 2289 1327 2332 ζημίαν
1347 2287 1471 2332 εἰληφώς

218 2350 397 2383 deleantur
423 2350 527 2383 verba
546 2350 744 2387 ἀπολωλεκὼς
770 2348 849 2383 οὔτε.

776 2488 778 2490 ,
807 2457 878 2489 XX.

271 2564 309 2597 In
340 2564 463 2596 Catulli
489 2573 516 2595 c.
544 2563 617 2604 CX,
645 2574 693 2595 vs.
719 2564 742 2595 4
767 2574 829 2606 pro
854 2562 997 2606 “saepe''
1023 2565 1222 2597 restituatur
1247 2563 1398 2609 “turpe’'.
