1892 3007
885 232 937 267 55

349 362 511 397 Primum
524 362 670 408 quidem
682 362 800 408 ipsum
810 343 1065 407 argumentum
1078 360 1179 396 valde
1189 360 1361 406 displicet.
1372 359 1520 395 Comam
1529 388 1537 404 ,

294 448 516 484 quamquam
540 437 588 473 sit
611 437 707 472 inter
734 436 853 471 sidera
878 435 1068 481 collocata,
1092 436 1142 470 ita
1157 436 1203 470 ad
1218 435 1405 470 dominam
1418 435 1536 482 loqui,

291 516 332 548 ut
355 514 451 549 dicat
473 525 512 549 se
527 514 643 560 ipsam
659 513 869 559 cognovisse
887 513 930 547 “a
944 523 1053 559 parva
1068 512 1207 558 virgine
1222 513 1515 559 magnanimam'⁷
1528 540 1537 557 ,

293 589 402 624 nimis
439 600 461 624 a
489 599 611 624 rerum
639 591 770 623 natura
797 587 987 631 abhorret,
1016 598 1134 634 neque
1159 587 1233 623 ulla
1261 588 1455 623 festivitate
1483 588 1537 623 vel

292 664 365 699 ullo
393 664 514 711 lepore
541 675 619 699 sese
658 663 908 707 commendat,
945 663 995 697 ita
1031 666 1090 707 ut,
1124 663 1260 698 mirum
1289 666 1324 697 et
1353 663 1538 709 ingeniose

293 740 481 775 inventum
532 739 616 775 licet
658 739 776 784 dicas,
815 741 912 774 certe
953 749 1025 773 non
1067 738 1114 773 sit
1155 738 1347 785 pulchrum
1389 741 1425 773 et
1463 739 1537 773 veri

292 820 419 863 poetae
447 816 592 862 ingenio
620 816 781 861 dignum.
819 814 922 856 Quod
950 815 1046 849 idem
1070 814 1249 860 judicium
1277 814 1323 849 de
1349 815 1393 849 iis
1421 816 1538 850 omni-

293 892 360 928 bus
397 891 585 927 ferendum
633 902 711 927 esse
758 902 907 936 censeo,
949 901 1042 937 quae
1079 902 1124 925 ex
1162 893 1376 937 argumento
1413 902 1536 927 neces-

292 968 386 1003 sario
414 970 635 1014 sequuntur:
669 967 714 1001 de
746 967 888 1010 dolore,
918 977 1026 1012 quem
1055 967 1168 1001 sensit
1196 967 1391 1011 caesaries,
1426 979 1539 1013 quum

293 1043 428 1078 crudeli
450 1044 485 1078 vi
508 1043 591 1078 ferri
617 1054 638 1077 a
667 1054 749 1078 caro
777 1043 894 1089 capite
921 1041 1192 1088 sejungeretur,
1222 1042 1266 1077 de
1294 1043 1541 1078 exsecratione

291 1118 406 1163 illius,
427 1119 489 1165 qui
516 1119 655 1165 primus
683 1118 756 1153 vim
785 1118 870 1152 ferri
898 1117 1096 1161 invenerit,
1118 1118 1163 1152 de
1186 1118 1416 1163 muneribus,
1445 1129 1538 1164 quae

292 1196 360 1232 sibi
383 1196 473 1243 petit
486 1207 589 1231 coma
600 1195 641 1244 ‘in
661 1194 812 1230 Veneris
836 1194 935 1230 festis
958 1194 1104 1239 diebus,
1127 1194 1284 1241 denique
1299 1194 1343 1230 de
1357 1194 1539 1231 adultero-

291 1283 373 1307 rum
397 1271 679 1318 vituperatione,
705 1282 797 1317 quae
821 1270 922 1315 talis,
952 1261 1070 1317 qualis
1095 1281 1116 1305 a
1131 1273 1234 1316 poeta
1251 1271 1449 1317 composita
1463 1275 1538 1316 est,

292 1347 352 1383 hic
371 1347 512 1383 nullum
534 1347 654 1382 locum
676 1346 796 1382 habet.
818 1346 919 1381 Ferri
943 1346 1041 1380 enim
1064 1348 1204 1392 posset,
1229 1346 1259 1381 si
1285 1347 1401 1393 magis
1424 1347 1539 1383 virtus

293 1426 329 1457 et
350 1423 388 1457 in
417 1422 649 1457 matrimonio
674 1421 820 1456 castitas
848 1432 891 1455 ea
918 1432 957 1455 re
982 1421 1261 1456 celebrarentur.
1287 1421 1391 1463 Quod
1414 1426 1538 1457 tamen

293 1510 365 1533 non
390 1498 448 1542 fit,
464 1497 548 1544 quia
564 1496 642 1543 jam
657 1497 694 1531 in
709 1496 1008 1543 praecedentibus
1022 1507 1184 1531 amorem
1200 1508 1285 1543 erga
1299 1497 1416 1532 solum
1432 1498 1541 1533 mari-

292 1577 371 1608 tum
394 1573 523 1608 melius
544 1574 649 1618 poeta
670 1572 891 1618 depinxerat.
917 1572 958 1606 In
982 1575 1198 1617 argumento
1223 1572 1460 1617 elaborando,
1475 1585 1540 1608 suo

292 1660 412 1693 more,
440 1648 555 1683 multa
577 1648 699 1683 attulit
726 1647 987 1692 Callimachus,
1004 1659 1096 1694 quae
1124 1648 1297 1683 admirari
1326 1649 1429 1693 licet,
1451 1661 1541 1696 qua-

292 1728 399 1759 tenus
427 1723 587 1759 laborem
616 1722 836 1758 indefessum
872 1725 1072 1768 testantur,
1110 1723 1254 1769 probari
1289 1727 1413 1759 tamen
1441 1725 1540 1760 nullo

293 1799 400 1835 modo
441 1801 601 1845 possunt.
646 1798 806 1843 Laudes,
854 1798 985 1846 quibus
1028 1798 1153 1834 Conon
1196 1800 1400 1845 extollitur,
1435 1800 1537 1847 cujus

291 1875 474 1922 praeclara
494 1874 645 1910 scientia
668 1877 777 1921 atque
801 1874 964 1909 doctrina
990 1886 1062 1909 non
1078 1875 1157 1910 sine
1177 1875 1301 1910 multis
1325 1875 1539 1923 ambagibus

292 1962 409 1997 neque
446 1950 524 1985 sine
559 1950 640 1985 fuco
677 1950 920 1997 mythologico
949 1962 1013 1997 per
1040 1962 1104 1986 sex
1132 1962 1257 1986 versus
1287 1952 1537 1997 celebrantur,

292 2026 458 2074 querelae
473 2026 519 2061 de
532 2025 616 2061 ferri
633 2026 685 2070 vi,
707 2036 800 2072 quae
828 2029 864 2061 et
893 2026 1032 2061 Athum
1058 2030 1219 2062 montem
1250 2030 1449 2073 everterat,
1477 2029 1540 2064 ubi

291 2103 389 2138 locus
412 2106 467 2138 est
489 2102 737 2148 geographicis
762 2103 944 2138 nonnullis
970 2103 1198 2149 promendis,
1223 2104 1355 2139 deinde
1378 2105 1539 2141 narratio

292 2178 337 2213 de
365 2178 597 2214 collocatione
625 2189 750 2213 comae
778 2178 816 2213 in
846 2178 997 2214 Veneris
1022 2182 1120 2214 casto
1149 2180 1307 2225 gremio,
1345 2180 1408 2215 ubi
1434 2184 1541 2228 poeta

291 2254 450 2290 ostendit
477 2265 515 2290 se
542 2254 687 2300 penitus
707 2254 958 2300 genealogiam
991 2255 1275 2301 mythologicam
1309 2257 1540 2301 cognovisse,

291 2330 484 2377 descriptio
507 2329 595 2374 loci,
619 2341 729 2377 quem
752 2326 789 2364 in
813 2329 912 2365 coelo
936 2330 1065 2377 adepta
1090 2334 1144 2366 est
1168 2342 1290 2375 coma,
1311 2331 1478 2367 allocutio
1494 2332 1540 2367 ad

290 2405 474 2449 Nemesin,
482 2406 611 2440 modus
627 2417 699 2452 quo
713 2417 753 2441 se
766 2406 941 2452 gloriatur
951 2418 1023 2441 non
1034 2406 1106 2441 ullo
1117 2407 1247 2442 timore
1258 2408 1472 2453 perductum
1483 2409 1539 2452 iri,

290 2484 331 2516 ut
354 2492 438 2517 vera
461 2483 579 2527 tegat,
604 2481 761 2528 denique
781 2481 1001 2521 desiderium
1031 2482 1077 2518 ad
1104 2485 1210 2529 caput
1242 2482 1436 2519 Berenices
1459 2483 1541 2519 red-

290 2556 399 2592 eundi
434 2560 471 2591 et
507 2557 625 2591 exitus
661 2558 838 2604 poematis
876 2558 1158 2601 astronomicus,
1188 2559 1278 2594 haec
1312 2559 1434 2594 omnia
1462 2562 1537 2593 tam
