1892 3007
370 269 393 293 X

385 383 627 418 restituendam
653 395 799 428 pereyrc
832 384 963 426 abiret,
987 396 1076 418 mors
1110 396 1180 418 eum
1216 385 1251 418 in
1286 385 1423 419 aedibus
1443 385 1605 429 paternis
1630 397 1648 420 e

386 465 504 496 nostro
530 461 672 496 sustulit
691 461 805 496 medio.

439 542 544 579 Quam
570 542 613 573 Te
632 539 896 584 deploravimus,
921 539 1053 583 Optime
1082 540 1164 582 Vir,
1190 552 1286 584 quam
1310 541 1428 575 moesti
1440 541 1651 584 adstitimus,

386 629 482 661 quum
515 621 594 652 tuae
617 617 784 662 reliquiae
806 619 930 653 tumulo
955 617 1190 652 condebantur.
1217 618 1406 661 Perfecisti
1431 619 1534 662 enim,
1561 620 1651 664 quod

380 677 561 738 pollicitus
585 705 674 729 eras.
705 695 817 727 Comes
842 698 876 728 et
901 695 969 728 dua·
993 695 1196 737 studiorum,
1209 696 1365 737 amicus,
1384 697 1506 739 patris
1538 697 1652 730 instar

387 771 481 806 nobis
511 772 628 816 fuisti.
668 774 740 807 Tua
774 772 931 807 memoria
965 784 1137 817 numquam
1171 773 1265 817 apud
1295 784 1352 807 eos
1384 773 1567 817 delebitur,
1593 773 1651 818 qui

386 852 477 882 tuam
501 848 689 882 doctrinam
715 860 784 883 cum
808 849 983 892 indefessa
1007 849 1233 883 benevolentia
1258 851 1467 892 conjunctam
1490 850 1651 893 discipuli

386 926 519 970 experti
539 930 628 961 sunt.
650 926 718 961 Pio
739 928 888 961 recolent
909 927 1018 961 animo
1040 928 1217 971 benefacta
1238 930 1297 961 tua
1318 931 1352 961 et
1373 930 1406 961 te
1428 927 1494 961 sibi
1506 929 1651 971 exemplo

379 1008 610 1049 proponentes
646 1007 880 1046 monumentum
929 1004 1001 1038 Tibi
1034 1005 1191 1047 condent,
1226 1016 1321 1047 aere,
1355 1016 1420 1039 non
1448 1005 1651 1048 perennius,

390 1082 451 1115 sed
477 1081 552 1115 Tibi
573 1081 711 1125 qratius
736 1085 770 1115 et
796 1081 977 1125 acceptius.

439 1160 654 1202 Quantopere
673 1159 949 1192 HULLEMANNUS
964 1158 1123 1202 glaudium
1143 1169 1262 1192 mecum
1274 1158 1544 1203 participasset,
1556 1170 1652 1203 quum

387 1236 552 1269 Fac-ultas
590 1235 810 1279 Groninqana
844 1235 983 1279 beniqno
1016 1235 1186 1269 admodum
1209 1235 1344 1278 judicio
1376 1237 1522 1270 laborem
1552 1246 1653 1270 meum

380 1313 535 1357 praemio
561 1324 627 1347 non
650 1312 820 1358 indignum
844 1313 1023 1354 censuerit,
1043 1315 1094 1348 At
1111 1314 1174 1348 hoc
1194 1313 1350 1358 nonfuit
1362 1313 1511 1358 infutis.
1524 1314 1654 1357 Solum,

388 1391 479 1435 quod
488 1390 570 1424 mibi
590 1394 719 1433 restat,
740 1392 802 1425 hoc
826 1395 897 1433 est,
922 1395 961 1425 ut
977 1392 1097 1434 palam
1115 1393 1307 1435 profitear,
1328 1403 1392 1433 me,
1422 1391 1491 1425 nisi
1513 1394 1652 1426 HULLE-

388 1479 537 1503 MANNUS
558 1480 606 1503 me
627 1469 674 1503 ad
696 1480 779 1513 opus
805 1468 1049 1513 suscipiendum
1073 1468 1254 1504 incitasset
1274 1472 1308 1504 et
1326 1468 1443 1513 prima
1464 1469 1653 1504 dubitantis

387 1545 532 1590 vestiyia
566 1546 603 1579 in
635 1549 761 1579 rectam
791 1546 878 1579 viam
912 1546 1082 1587 duxisset,
1118 1556 1201 1589 opus
1236 1550 1297 1579 aut
1333 1557 1399 1579 non
1417 1547 1650 1589 perfecturum

376 1623 511 1667 fuisse,
538 1626 599 1657 aut
622 1622 693 1666 ita,
720 1627 758 1657 ut
782 1634 937 1658 successu
963 1626 1107 1657 careret.

437 1702 508 1739 Quo
544 1703 653 1734 tamen
685 1700 787 1734 etiam
811 1700 998 1743 caruisset,
1023 1700 1093 1734 nisi
1118 1700 1289 1744 beniqnum
1314 1700 1484 1734 admodum
1509 1705 1543 1735 et
1568 1701 1647 1735 mite

385 1777 425 1811 de
457 1788 524 1811 meo
550 1777 699 1820 juvenili
724 1778 840 1812 labore
866 1778 1003 1812 tulisset
1028 1779 1192 1812 Facultas
1221 1778 1442 1822 Groninqana
1455 1778 1631 1821 judicium.

434 1854 580 1889 Debitas
613 1854 721 1898 iqitur
751 1856 867 1898 refero
888 1855 1028 1899 qratia-s
1059 1855 1156 1889 Viris
1187 1855 1416 1897 Ularissimis,
1451 1855 1509 1899 qui
1532 1855 1586 1890 ita
1612 1856 1652 1890 de

384 1944 455 1967 mea
476 1932 748 1967 commentatione
757 1932 1003 1976 judicaverunt
1012 1960 1020 1976 ,
1034 1935 1110 1975 ut,“
1124 1932 1156 1966 si
1175 1932 1258 1977 quid
1279 1932 1425 1976 deesset,
1439 1932 1648 1977 suppleverit

395 2011 517 2045 “aetas
539 2014 574 2045 et
592 2011 625 2045 si
644 2023 711 2055 qua
733 2010 827 2046 dicta
849 2009 1185 2053 essentjuveniliter,
1192 2022 1261 2054 pro
1273 2010 1385 2045 indole
1397 2010 1468 2044 sint
1481 2010 1652 2055 accepta.”

436 2088 610 2132 Imprimis
632 2099 710 2123 vero
736 2089 896 2122 maximas
910 2088 1008 2122 debeo
1021 2089 1188 2132 habeoque
1198 2088 1337 2132 ⁸qratias
1355 2088 1439 2122 Viro
1458 2088 1654 2122 Clarissimo

388 2167 604 2209 FRANCKEN,
641 2165 716 2209 qui,
742 2177 837 2209 quum
864 2169 898 2199 et
922 2165 996 2209 ipse
1029 2168 1148 2200 auctor
1174 2164 1380 2209 quaestionis
1405 2168 1511 2206 esset,
1536 2176 1654 2200 mecum

379 2243 532 2287 plurima
555 2244 595 2277 de
620 2254 661 2277 ea
682 2243 950 2285 communicavit,
978 2247 1217 2286 accurateque,
1238 2246 1272 2277 et
1286 2243 1423 2277 comiter
1438 2246 1546 2276 tamen
1561 2242 1652 2277 indi-

386 2321 497 2365 cavit,
521 2320 603 2365 quid
627 2320 682 2355 bic
702 2320 777 2356 illic
789 2320 826 2355 in
839 2332 906 2355 meo
921 2321 1035 2355 labore
1048 2322 1126 2355 bene
1139 2320 1302 2364 scriptum
1314 2323 1421 2363 esset,
1437 2319 1520 2364 quid
1537 2319 1651 2354 multis

389 2399 471 2434 aliis
492 2399 578 2435 locis
599 2400 738 2434 deesset.
757 2400 808 2433 Et
828 2399 947 2434 deinde
967 2410 1094 2443 quoque
1114 2399 1250 2443 optimis
1263 2399 1345 2433 mibi
1358 2398 1473 2443 adsuit
1489 2397 1652 2432 consiliis.

390 2479 480 2512 Nam
503 2489 597 2521 quum
618 2477 655 2511 in
675 2458 720 2511 eo·
735 2488 856 2520 essem,
882 2481 920 2511 ut
948 2477 995 2511 ad
1012 2477 1181 2522 Specimen
1208 2476 1437 2512 Academicum
1463 2484 1653 2519 componen-

391 2555 465 2593 dum
486 2565 534 2588 me
556 2553 781 2599 adcinqerem,
795 2554 877 2588 mibi
895 2555 1027 2599 petenti
1042 2554 1340 2603 praeclarisjuvit
1352 2553 1524 2594 consiliis,
1546 2552 1586 2586 de
1606 2552 1651 2587 iis
