1892 3007
880 236 930 270 43

278 361 408 396 litteris
451 361 576 396 laudes
625 362 830 397 detrectare
884 365 1124 407 conarentur,
1162 365 1225 397 aut
1262 362 1325 409 qui
1364 365 1525 397 amatam

266 435 432 482 ”puellam
461 446 482 471 a
508 447 550 471 se
578 436 864 480 abalienassent3
902 437 957 472 ira
993 437 1130 473 exarsit
1166 437 1204 472 in
1241 440 1407 484 potentes
1446 437 1525 473 illos

277 512 393 556 viros,
431 523 520 558 quos
560 512 714 547 liberam
764 512 1027 559 rempublicam
1074 512 1311 560 pessumdare
1360 512 1525 558 videbat,

278 597 346 623 nec
371 598 445 623 uno
473 589 617 623 tantum
646 586 809 623 carmine
836 587 988 623 cinaedo
1017 587 1174 623 Romulo
1197 590 1370 635 perpetua
1397 588 1529 624 inussit

276 662 458 709 stigmata.
487 662 588 697 Haec
602 672 765 709 quoque,
793 673 1015 709 quamquam
1040 673 1319 709 nonnumquam
1348 663 1524 710 exproba-

277 738 394 773 tiones
431 737 637 783 continent,
677 725 766 785 quas
803 741 868 773 aut
909 749 982 773 non
1025 740 1236 773 meruerant
1277 738 1322 783 ii,
1361 739 1400 773 in
1438 750 1528 785 quos

276 824 338 848 eas
380 812 550 859 conjecit,
594 816 658 848 aut
698 824 789 860 quas
831 813 982 848 omnino
1026 813 1157 849 melius
1199 813 1318 848 fuerat
1353 814 1528 858 tacuisse,

275 888 322 923 ad
354 889 490 934 optima
527 892 655 935 poetae
691 889 855 924 carmina
889 888 980 924 mihi
1017 888 1200 935 pertinere
1234 888 1424 933 videntur,
1461 889 1530 923 hac

276 962 352 998 sola
404 962 449 997 de
502 974 648 1007 caussa,
697 963 793 1009 quod
842 974 916 998 non
966 962 1125 997 alienam
1172 964 1365 998 materiam
1406 964 1444 998 in
1485 964 1530 998 iis

276 1038 345 1074 sibi
387 1038 599 1085 assumpsit,
642 1038 707 1073 sed
748 1049 790 1074 ea
833 1038 1073 1085 exprompsit,
1114 1049 1207 1084 quae
1258 1038 1334 1085 ipse
1385 1039 1424 1073 in
1475 1039 1530 1073 in-

278 1114 369 1149 timo
406 1116 551 1161 pectore
588 1113 775 1149 recondita
811 1111 978 1148 habebat.
1023 1112 1103 1148 Hac
1137 1113 1236 1148 enim
1275 1113 1351 1148 sola
1388 1114 1530 1149 ratione

282 1189 361 1224 fieri
399 1192 536 1236 potest,
573 1192 615 1224 ut
652 1189 824 1224 carminis
861 1189 1016 1224 materia
1059 1191 1095 1224 et
1131 1188 1281 1233 modus,
1319 1200 1390 1235 quo
1425 1192 1531 1235 poeta

279 1275 361 1299 eam
398 1264 599 1308 ornaverit,
627 1264 723 1299 inter
750 1275 790 1299 se
818 1264 1046 1299 conveniant.
1076 1263 1171 1298 Huic
1198 1263 1297 1298 enim
1325 1264 1529 1299 carminum

277 1340 401 1385 generi
425 1350 498 1374 non
522 1342 666 1375 tantum
688 1340 872 1386 pertinent
894 1319 1037 1384 omnia,
1066 1349 1159 1385 quae
1186 1338 1330 1385 scripsit
1357 1338 1404 1373 ad
1430 1339 1530 1385 puel-

277 1415 370 1459 lam,
398 1425 509 1462 quam
536 1426 609 1449 non
638 1414 765 1450 dilexit

876 1517 942 1547 “Ut
964 1517 1080 1553 vulgus
1101 1517 1253 1554 amicam,

490 1580 553 1609 Sed
575 1581 667 1616 pater
689 1582 724 1609 ut
744 1581 859 1616 gnatos
880 1580 986 1617 diligit
1010 1582 1043 1609 et
1064 1579 1221 1616 gener0s”
1238 1583 1264 1617 ¹,

272 1666 337 1701 sed
352 1677 395 1701 ea
409 1677 553 1712 quoque
577 1666 719 1710 omnia,
745 1677 837 1712 quae
867 1665 1115 1701 Mommsenus
1129 1666 1350 1713 lepidissime
1364 1666 1523 1714 descrip-

274 1742 322 1778 sit
338 1743 372 1787 2,
397 1753 510 1789 quum
533 1741 671 1777 diceret
697 1741 735 1777 in
763 1741 808 1777 iis
836 1741 1014 1777 contineri
1043 1741 1124 1777 “die
1148 1741 1317 1796 solideste
1342 1742 1527 1777 Kleinma-

279 1818 389 1853 “lerei
417 1818 615 1864 gebildeter
644 1817 898 1864 Geselligkeit,
932 1817 991 1852 die
1014 1796 1254 1863 anmuthigen
1278 1818 1329 1852 oft
1352 1818 1437 1853 sehr
1460 1829 1528 1853 un-

281 1894 470 1941 “genirten
500 1894 923 1938 Madchenabentheuer,
949 1894 1066 1929 davon
1088 1894 1152 1928 das
1176 1894 1283 1929 halbe
1308 1894 1527 1940 Vergnsigen

280 1970 353 2005 “im
381 1956 675 2006 Ausschwatzen'
693 1969 769 2004 und
811 1969 1013 2004 Poetisiren
1050 1969 1115 2003 der
1154 1968 1528 2015 Liehesgeheimnisse

283 2044 467 2089 “besteht,
496 2045 561 2080 das
585 2044 678 2079 liebe
708 2044 830 2079 Leben
859 2044 925 2079 der
951 2044 1095 2090 Jugend
1123 2043 1181 2079 bei
1211 2043 1331 2078 vollen
1362 2043 1526 2079 Bechern

279 2120 382 2156 “und
417 2120 539 2156 leeren
577 2120 750 2165 Beuteln,
785 2119 845 2155 die
875 2118 984 2155 Reise
1009 2119 1086 2154 und
1115 2119 1173 2154 die
1201 2118 1442 2163 Dichter-lust,
1472 2119 1530 2154 die

281 2196 484 2232 “romische
521 2196 597 2231 und
631 2196 723 2231 finer
750 2196 846 2231 noch
878 2195 937 2231 die
968 2195 1219 2230 veronesische
1252 2194 1532 2230 Stadtanecdote

282 2272 384 2308 “und
413 2272 478 2308 der
500 2273 645 2319 launige
667 2271 799 2308 Scherz
822 2272 871 2307 im
888 2274 1097 2307 vertrauten
1114 2270 1233 2306 Zirkel
1249 2271 1314 2306 der
1328 2270 1530 2305 Freunde.'’

339 2347 411 2384 Sed
434 2348 525 2383 haec
544 2346 622 2393 jam
651 2347 843 2383 sufficiant.
872 2346 952 2383 Hoc
978 2346 1140 2382 indicare
1168 2345 1367 2389 voluimus,
1395 2345 1532 2392 aliquid

315 2497 322 2516 ¹
349 2494 398 2524 Cf.
421 2503 448 2524 c.
472 2495 519 2524 72.

313 2559 325 2579 ²
347 2558 386 2587 R.
409 2558 447 2586 G.
470 2557 544 2595 ΙΙΙ,
566 2558 636 2587 584.
664 2557 728 2591 (ed.
751 2557 813 2592 3³¹.)
