1892 3007
826 224 904 261 ’109

243 349 408 386 ordinem
433 350 624 387 restituere
653 353 803 387 conatus
830 354 904 397 est,
933 363 1007 387 non
1032 351 1139 397 satis,
1155 351 1251 398 quod
1274 351 1350 398 ipse
1373 349 1495 385 Catul-

240 426 297 462 lus
338 428 540 474 praecepit,
582 439 674 473 quae
716 428 853 474 perisse
890 428 1053 473 videbat,
1095 428 1237 475 perdita
1279 427 1392 462 duxit.
1430 426 1494 461 ‘Ad

241 503 449 537 accuratam
492 501 644 538 Lesbiae
686 513 862 549 personae
904 503 1149 550 cognitionem
1191 502 1493 550 comparandam,

243 589 336 624 quae
353 577 413 614 ille
427 578 465 612 in
480 578 656 614 divisione
670 589 735 613 sua
749 578 899 625 protulit
913 579 1004 614 nihil
1018 579 1190 625 prodesse
1205 578 1296 614 mihi
1312 578 1490 614 videntur.

295 652 324 688 E
348 653 480 700 quibus
503 653 671 689 omnibus
693 657 793 701 patet
820 653 1092 690 Froehlichium
1131 666 1204 690 non
1228 654 1265 689 id
1290 655 1426 700 egisse,
1451 657 1492 688 ut

239 732 335 764 certe
371 729 459 776 quid
495 729 540 764 de
569 729 719 765 Lesbiae
746 741 899 777 persona
928 730 1152 774 affirmaret,
1181 730 1245 765 sed
1273 730 1343 765 hoc
1372 730 1486 776 potis-

238 804 373 840 simum
401 807 443 839 ut
468 805 515 840 ad
542 804 619 851 ejus
642 808 849 841 accuratam
872 805 1041 841 notitiam
1067 806 1165 841 viam
1189 808 1379 840 sterneret.
1396 804 1490 840 Lon-

241 879 321 926 gius
350 880 516 927 progredi
540 881 617 916 ausi
638 884 724 916 sunt
746 884 782 917 et
806 881 974 917 Lesbiam
1001 893 1108 916 suum
1134 881 1253 916 locum
1277 881 1312 915 in
1339 881 1489 916 historia

241 956 414 1003 temporis
443 959 480 992 et
507 968 613 992 suum
641 968 775 993 nomen
803 957 1052 1002 vindicarunt,
1083 968 1172 1003 quos
1190 956 1269 1003 jam
1293 968 1401 1004 supra
1425 968 1489 992 no-

241 1031 481 1076 minavimus,
510 1031 816 1078 Jungclausenus,
846 1032 1054 1078 Helbigius‚
1086 1031 1308 1067 Schwabius.

297 1102 563 1153 Jungclauseno
603 1108 678 1144 sola
706 1119 851 1153 caussa,
881 1120 945 1144 cur
983 1108 1234 1144 Froehlichius
1264 1108 1301 1143 in
1327 1119 1486 1143 errorem

241 1182 408 1228 delapsus
448 1184 514 1227 sit,
564 1186 757 1230 postquam
799 1184 912 1218 multa
954 1187 1053 1218 recte
1094 1183 1276 1230 perspexit
1315 1187 1352 1218 et
1392 1183 1488 1218 clare

246 1257 438 1304 indicavit,
467 1258 559 1295 haec
581 1259 691 1295 fuisse
719 1258 881 1304 videtur,
903 1258 1001 1306 quod
1029 1270 1101 1294 non
1131 1258 1218 1294 satis
1240 1258 1374 1295 amoris
1401 1269 1487 1305 erga

242 1333 409 1369 Lesbiam
446 1337 585 1370 certum
614 1335 877 1381 definitumque
904 1338 1047 1381 tempus
1077 1335 1113 1369 in
1143 1335 1217 1370 vita
1246 1338 1373 1381 poetae
1401 1346 1486 1369 con-

240 1410 409 1446 stituerit.
439 1409 543 1452 Quod
571 1411 700 1446 vitium
721 1413 763 1446 ut
790 1411 866 1457 ipse
895 1411 1042 1455 vitaret,
1082 1410 1228 1445 initium
1257 1411 1411 1457 sumpsit
1441 1421 1483 1445 ex

239 1485 383 1533 Apuleji
421 1486 518 1530 loco,
556 1498 665 1533 quem
703 1497 812 1533 supra
849 1486 1106 1533 adscripsimus
1135 1489 1170 1521 et
1198 1486 1317 1532 palam
1345 1486 1486 1533 praedi—

290 1628 316 1648 c.
340 1620 431 1656 octo,
453 1618 641 1648 choliambis
664 1619 865 1655 conscripta:
890 1620 999 1657 8‚22‚
1021 1619 1413 1657 31‚37,39‚44‚59‚60.

290 1682 322 1709 d.
347 1689 460 1718 unum,
489 1681 521 1709 in
551 1688 614 1718 quo
642 1673 832 1711 tetrametro
862 1681 996 1711 iambico
1026 1682 1216 1711 catalectico
1249 1689 1326 1711 usus
1346 1683 1396 1710 est
1417 1689 1489 1717 poe-

330 1744 382 1771 ta:
405 1742 453 1771 25.

289 1815 314 1834 e.
341 1813 436 1835 unum
459 1806 656 1834 tetrametris
677 1805 904 1834 choriambicis
928 1806 1128 1835 catalecticis
1149 1805 1379 1840 compositum:
1401 1806 1450 1833 30.

284 1868 319 1905 f.
343 1867 406 1897 tria
430 1867 578 1897 versibus
599 1867 771 1905 glyconeis
797 1868 994 1904 composita:
1019 1869 1075 1905 17,
1088 1869 1207 1904 34‚61.

286 1941 318 1968 9·
341 1930 423 1959 duae
444 1930 524 1959 odae
546 1929 738 1966 sapphicae:
765 1932 798 1959 11
815 1952 822 1967 ,
840 1931 894 1959 ¹51.

234 1992 285 2029 (C.
307 1994 447 2031 17—19,
466 2000 550 2030 quae
569 1993 600 2022 in
629 1992 739 2022 multis
761 1993 957 2022 editionibus
978 2001 1040 2022 non
1066 1994 1217 2029 leguntur
1239 1995 1339 2022 metro
1358 1993 1488 2029 priapeo

227 2056 410 2090 conscripta
435 2056 534 2090 sunt.)

285 2117 331 2147 11.
351 2116 507 2147 Versibus
527 2116 667 2146 heroicis
683 2116 878 2146 hexametris
902 2117 1077 2153 composita
1097 2119 1171 2146 sunt
1189 2125 1215 2145 c.
1235 2118 1273 2146 62
1286 2118 1319 2145 et
1331 2118 1370 2146 64
1382 2139 1389 2152 ‚
1403 2117 1487 2146 inter

225 2187 307 2216 quae
335 2179 561 2215 interpositum
592 2181 642 2208 est
663 2187 690 2208 c.
714 2180 753 2209 63
776 2179 923 2208 versibus
942 2179 1021 2209 satis
1045 2179 1150 2214 longis
1170 2179 1390 2208 Galliambicis
1412 2187 1484 2208 con-

227 2242 389 2281 scriptum.

285 2305 353 2336 111.
374 2313 402 2335 c.
424 2306 586 2342 65-116,
614 2305 646 2334 in
676 2305 792 2342 quibus
820 2306 918 2342 poeta
940 2313 1017 2335 usus
1036 2306 1086 2334 est
1108 2307 1210 2334 metro
1234 2304 1397 2341 elegia003
1424 2304 1484 2340 pri·

225 2376 309 2398 mum
338 2368 477 2404 majores
505 2369 539 2396 et
567 2368 696 2403 proprie
718 2368 765 2397 ita
786 2368 893 2397 dictae
916 2368 1061 2404 elegiae,
1083 2367 1199 2396 deinde
1222 2368 1379 2404 minores,
1404 2367 1486 2395 “und

226 2430 296 2460 “ein
316 2430 433 2460 buntes
454 2430 486 2459 in
509 2429 714 2466 elegischem.
736 2430 882 2459 Gewand
904 2429 1124 2459 austretendes
1137 2429 1288 2458 Vfflklein
1301 2437 1362 2458 von
1381 2431 1484 2465 gross-

226 2492 398 2522 “tentheils
425 2493 484 2522 mit
512 2492 585 2521 dem
615 2491 711 2521 Salze
734 2492 927 2522 beissenden
953 2491 1085 2528 Spottes
1106 2493 1293 2528 gewiirzten
1318 2491 1482 2527 Epigram-

225 2554 348 2585 “men.”
371 2555 421 2584 Cf.
442 2552 669 2583 Froehlichius
691 2554 711 2582 l.
734 2554 754 2582 1.
