1892 3007
992 212 1017 248 4

374 339 557 384 integrum
606 350 753 374 carmen
794 339 1033 382 exscriberet,
1069 338 1160 373 mihi
1202 337 1443 383 suspicionem
1486 340 1627 381 movet,

371 412 471 448 illam
508 413 785 461 inscriptionem
824 424 899 448 non
935 412 1042 448 flocci
1081 423 1160 447 esse
1188 412 1454 447 aestimandam
1484 415 1521 447 et
1547 422 1629 459 pos-

371 489 514 523 terioris
536 489 617 524 aevi
641 489 773 524 artifici
797 489 931 524 misero
957 488 1102 523 cuidam
1124 499 1203 523 esse
1226 487 1469 523 tribuendam.
1500 487 1529 522 E
1552 487 1628 522 solo

368 563 466 598 enim
505 563 689 609 carmine,
730 563 827 611 quod
864 563 962 599 inter
999 561 1207 599 Catulliana
1243 562 1288 603 de
1328 561 1505 610 Ipsithilla
1541 561 1630 609 legi-

366 642 446 682 tur,
490 639 569 674 luce
612 639 745 674 clarius
784 642 885 685 patet
920 650 1002 674 eam
1039 639 1150 674 fuisse
1190 639 1364 673 miserum
1406 638 1604 675 scortulum
1619 665 1628 682 ,

366 725 525 760 quocum
553 716 661 760 poeta
688 713 803 749 semel
832 713 1043 760 iterumque
1072 714 1224 748 fortasse
1248 724 1391 748 amores
1415 712 1628 748 exercuerit.

366 788 448 823 Non
473 788 542 823 diis
569 788 740 825 manibus
767 788 929 834 puellae,
960 788 1018 823 cui
1047 799 1157 823 ausus
1182 791 1237 823 est
1263 787 1425 823 Catullus
1440 788 1628 833 epistolam

370 864 534 908 mittere,
573 874 667 910 quae
709 862 918 910 hujusmodi
964 874 1088 899 versus
1125 864 1288 899 continet
1310 863 1401 911 (non
1439 864 1537 899 enim
1574 874 1631 897 re-

370 939 451 974 nuit
488 939 650 974 studium
690 938 766 973 veri
806 938 1012 973 exscribere
1040 939 1107 973 hos
1136 950 1280 982 versus,
1317 939 1416 974 omni
1445 938 1631 974 obscoeni-

374 1017 449 1049 tate
479 1012 706 1061 inquinatos)
719 1024 727 1048 ε

640 1175 725 1204 “Sed
748 1175 832 1203 domi
858 1182 990 1203 maneas
1011 1182 1170 1211 paresque
1190 1175 1284 1204 nobis

639 1230 783 1258 “Novem
808 1230 980 1258 continuas
1003 1231 1196 1266 fututiones,

638 1285 778 1314 “Verum
804 1285 830 1314 si
852 1285 929 1321 quid
951 1292 1029 1320 ages
1050 1285 1157 1314 statim
1176 1284 1305 1321 jubet03

639 1340 739 1368 “Nam
764 1347 901 1375 pransus
919 1340 1014 1373 jaceo
1039 1341 1072 1367 et
1094 1341 1184 1368 satur
1205 1340 1337 1374 supinus

640 1394 825 1422 “Pertundo
848 1394 1053 1430 tunicamque
1075 1392 1301 1429 palliuinqu‹.=.''

379 1548 548 1573 moerens
577 1537 682 1573 facile
715 1537 871 1585 lapidem
910 1538 1111 1585 posuerit.¹
1150 1537 1343 1573 Praeterea
1369 1537 1458 1572 illud
1492 1537 1632 1584 ipsum,

382 1613 481 1660 quod
503 1614 633 1650 iisdem
657 1614 867 1651 nominibus
891 1614 1079 1650 “dulcem’'
1095 1616 1132 1649 et
1146 1613 1308 1661 “lepores
1322 1614 1428 1649 suos”
1452 1614 1490 1649 in
1515 1613 1633 1661 lapide

383 1689 443 1725 illo
466 1689 625 1737 puellam
641 1690 848 1725 nominavit
863 1689 968 1726 fictus
994 1689 1054 1725 ille
1081 1688 1263 1735 Catullus,
1277 1692 1388 1736 atque
1411 1689 1448 1725 in
1472 1689 1635 1726 carmine

384 1768 509 1812 poeta,
550 1768 661 1812 auget
701 1766 954 1812 suspicionem.
985 1766 1033 1801 Ut
1074 1767 1229 1812 magnus
1270 1777 1443 1802 numerus
1483 1766 1634 1812 inscrip-

382 1840 546 1882 tionum,
575 1841 625 1875 ita
657 1841 747 1876 haec
772 1852 918 1887 quoque
947 1841 1179 1887 suppositicia
1207 1840 1369 1884 videtur,
1398 1841 1560 1876 confecta
1588 1840 1634 1875 ab

383 1915 523 1951 artifice
554 1915 733 1963 quodam,
769 1917 831 1963 qui
867 1915 999 1951 Catulli
1028 1916 1192 1951 carmina
1220 1916 1307 1962 legit
1335 1918 1371 1951 et
1398 1915 1544 1960 dilexit,
1572 1918 1635 1951 aut
1675 1968 1677 1970 Ι

383 2002 404 2026 a
429 1991 595 2036 falsario,
620 1991 683 2038 qui
709 1991 880 2038 fingendo
905 1991 1112 2027 vetustioris
1141 1991 1221 2027 aevi
1245 1996 1482 2027 monumenta
1498 1992 1635 2038 aliquid

386 2066 475 2102 lucri
505 2078 543 2101 se
572 2067 790 2114 adepturum
818 2067 986 2114 speravit.
1016 2066 1236 2114 Magnopere
1264 2066 1338 2103 hoc⁴
1359 2067 1493 2112 laetor,
1518 2068 1635 2114 quod,

386 2143 448 2189 qui
476 2142 686 2188 nuperrime
714 2141 759 2177 de
788 2141 929 2177 Catullo
956 2142 1090 2178 librum
1118 2142 1250 2187 edidit,
1279 2154 1502 2190 quamquam
1526 2144 1634 2179 aliam

385 2216 430 2251 de
472 2215 604 2251 Catulli
645 2216 885 2263 praenomine
925 2217 1061 2263 profert
1107 2217 1314 2264 opinionem
1327 2245 1336 2262 ,
1384 2217 1597 2254 Schwabius
1623 2220 1635 2240 ²

431 2401 439 2420 ¹
464 2399 500 2428 C.
523 2399 579 2435 22,
603 2406 650 2427 vs.
673 2399 707 2435 7,
730 2406 801 2435 sqq.

428 2462 440 2482 ²
464 2462 502 2490 G.
533 2461 644 2489 Valeri
675 2461 795 2489 Catulli
822 2461 903 2489 liber
924 2462 1049 2490 Ludov.
1074 2462 1264 2491 Scliwabius
1286 2465 1474 2499 recognovit
1496 2466 1529 2492 et
1550 2467 1637 2493 e'nar-

386 2523 472 2552 ravit
495 2523 529 2560 1,
553 2524 579 2551 1.
602 2530 633 2559 p.
655 2523 703 2551 22.
