1892 3007
890 215 942 260 13

287 351 417 387 habuit
438 363 535 387 anno
561 351 638 387 708
667 355 835 398 quatuor.
851 350 944 385 Nam
956 350 1033 396 jam
1051 350 1199 385 Vossius
1219 352 1227 371 ¹
1246 353 1344 384 recte
1358 348 1540 395 perspexit

286 426 481 462 ridiculum
503 438 583 462 esse
605 426 781 473 praedam
808 425 986 461 Ibericam
1014 424 1148 472 “quam
1173 425 1242 460 scit
1264 425 1384 459 amnis
1405 424 1540 459 aurifer

289 501 431 548 Tagus'’
471 502 535 537 ita*
549 501 774 547 intelligere,
805 500 910 547 quasi
938 500 1127 537 victoriam
1156 499 1400 534 Mundensem
1429 499 1540 544 signi-

287 577 390 620 ficet,
414 576 499 623 quia
528 575 664 611 Munda
692 575 772 622 plus
800 585 911 621 quam
939 574 1106 610 ducentis
1134 584 1307 621 passuum
1336 573 1495 609 millibus
1518 584 1539 608 a

287 651 385 697 Tago
413 651 565 686 flumine
592 651 696 686 absit.
736 648 824 684 Sine
860 649 970 684 dubio
1007 660 1087 684 eam
1126 649 1274 695 respicit
1300 651 1406 694 poeta
1436 659 1539 694 prae-

286 726 392 770 dam,
426 737 537 773 quam
566 725 699 761 Caesar
736 724 933 771 reportavit
966 734 1062 759 anno
1101 702 1180 758 693
1209 723 1247 758 in
1274 722 1368 758 bello
1396 722 1539 758 Lusita-

287 801 370 836 nico
408 801 447 836 L.
486 800 657 844 Afranio,
696 799 737 841 Q.
776 798 932 835 Caecilio
962 798 1107 834 Metello
1135 810 1245 844 coss,
1274 801 1467 845 postquam
1492 810 1539 833 ex

289 878 459 924 praetura
496 875 638 911 urbana
673 875 712 909 in
750 873 964 928 Hispaniam
999 874 1210 910 ulteriorem
1247 875 1428 922 profectus
1465 877 1538 919 est,

288 963 402 999 quum
427 951 489 986 diu
512 951 719 986 retardatus
745 953 841 986 esset
854 962 876 986 a
892 950 1141 986 creditoribus.
1157 950 1335 986 Praedam
1350 950 1539 986 Ponticam

288 1026 450 1074 Scaliger
473 1026 651 1062 intellexit
673 1026 826 1061 relatam
852 1026 897 1061 de
919 1026 1015 1062 victo
1039 1026 1245 1070 Pharnace,
1268 1026 1367 1073 quod
1390 1026 1539 1062 Vossius

287 1113 466 1149 perquam
490 1101 688 1137 absurdum
713 1111 792 1137 esse
820 1101 917 1136 dicit.
948 1100 1028 1148 Ipse
1051 1104 1155 1148 putat
1178 1101 1320 1137 lucrum
1343 1104 1379 1136 et
1402 1102 1539 1137 emolu-

289 1181 455 1212 mentum
481 1177 653 1223 intelligi,
669 1177 766 1224 quod
788 1187 808 1211 e
828 1176 1001 1222 Bithynia
1015 1187 1060 1211 ex
1075 1176 1312 1211 contubernio
1327 1176 1374 1211 M.
1390 1177 1538 1212 Thermi

287 1252 465 1299 praetoris
485 1255 522 1287 et
535 1251 783 1287 familiaritate
797 1250 1005 1286 Nicomedis
1021 1251 1154 1285 retulit.
1172 1250 1272 1286 Haec
1285 1254 1408 1286 autem
1422 1251 1538 1298 prima

240 1372 243 1379 ζ
289 1328 358 1362 fuit
386 1326 552 1362 Caesaris
579 1327 729 1371 militia,
754 1337 865 1373 quam
894 1326 979 1361 fecit
1002 1327 1108 1361 annis
1137 1325 1215 1361 672
1244 1330 1280 1361 et
1307 1326 1395 1362 673.
1426 1327 1538 1372 Quia,

288 1405 330 1437 ut
358 1402 453 1437 infra
476 1401 828 1446 demonstrabimus,
859 1410 1007 1437 carmen
1036 1401 1087 1437 29
1114 1402 1290 1449 scriptum
1318 1403 1366 1438 sit
1392 1414 1539 1438 necesse

291 1480 345 1512 est
370 1480 456 1513 ante
480 1480 637 1513 mortem
660 1476 796 1521 Juliae,
821 1477 901 1512 fieri
925 1487 999 1512 non
1022 1479 1160 1523 potest,
1174 1480 1216 1512 ut
1238 1475 1399 1523 Scaliger
1415 1489 1538 1513 verum

290 1553 481 1588 invenerit.
501 1552 577 1588 Sed
591 1564 711 1599 neque
725 1564 821 1599 quae
842 1552 991 1588 Vossius
1006 1552 1128 1588 docuit
1138 1580 1147 1597 ,
1170 1553 1300 1588 melius
1313 1564 1391 1588 sese
1405 1553 1539 1589 habere

292 1627 472 1664 videntur.
513 1627 628 1664 Recte
663 1628 763 1664 enim
801 1626 983 1676 Hauptius
1000 1629 1013 1650 ²
1042 1629 1186 1664 monuit
1212 1626 1428 1674 Ponticam,
1465 1641 1538 1665 non

294 1702 535 1751 Bithynicam
572 1704 667 1739 hanc
700 1704 872 1750 praedam
910 1705 1050 1748 vocari,
1089 1716 1207 1750 neque
1243 1705 1414 1751 praedam
1451 1706 1539 1740 illud

292 1778 579 1814 emolumentum
605 1779 675 1814 dici
699 1790 824 1826 posse,-
843 1782 1030 1826 praeterea
1054 1779 1209 1814 nimium
1233 1780 1406 1826 temporis
1429 1781 1540 1815 inter-

293 1854 426 1889 vallum
464 1866 543 1889 esse
572 1854 803 1900 interjectum
832 1855 930 1889 inter
958 1856 1054 1889 hanc
1081 1856 1253 1901 praedam
1281 1855 1368 1890 anni
1397 1855 1474 1890 673
1503 1860 1539 1890 et

292 1929 391 1965 illam
420 1929 596 1965 Ibericam
636 1930 723 1965 anni
747 1928 845 1975 693,
869 1941 978 1977 quam
1008 1933 1050 1965 ut
1076 1942 1148 1965 uno
1177 1930 1379 1978 eodemque
1407 1931 1538 1968 Catulli

294 2016 399 2040 versu
414 1985 690 2040 commemorari
705 2006 899 2051 potuerint.
916 2006 1015 2040 Nihil
1029 2009 1151 2041 autern
1163 2007 1313 2053 impedit
1324 2034 1333 2051 ,
1345 2008 1539 2053 quominus

292 2091 419 2116 verum
443 2080 508 2124 sit,
525 2080 622 2127 quod
646 2080 721 2127 ipse
745 2080 926 2127 Hauptius
950 2081 1117 2128 opinatus
1142 2084 1216 2126 est,
1241 2082 1375 2128 praeda
1390 2082 1540 2118 Pontica

292 2155 372 2191 illas
395 2155 592 2201 significari
617 2155 761 2191 divitias
772 2183 781 2200 ,
798 2167 888 2202 quas
915 2155 1109 2202 Pompejus
1124 2168 1168 2191 ex
1184 2156 1277 2191 bello
1295 2156 1539 2193 Mithridatico

293 2231 491 2278 reportavit
526 2233 563 2265 et
590 2231 950 2277 magnificentissimo
978 2231 1162 2277 triumpho
1190 2243 1285 2267 anno
1317 2232 1358 2267 U.
1394 2232 1432 2267 C.
1462 2232 1540 2268 692

291 2306 422 2353 populo
449 2306 675 2342 monstravit.

337 2422 343 2440 ¹
368 2419 407 2447 In
429 2418 546 2447 catull.
570 2426 600 2453 p.
625 2418 672 2446 73.

334 2482 346 2501 ²
368 2481 406 2516 Q.
429 2480 466 2509 C.
487 2487 517 2515 p.
543 2480 590 2508 18.
614 2479 812 2509 Obversatur
834 2482 940 2508 tamen
964 2480 1187 2509 Mommsenus.
1212 2481 1250 2509 R.
1276 2481 1313 2509 G.
1336 2481 1402 2509 III.
1432 2490 1452 2517 p
1488 2483 1547 2511 318

295 2543 326 2572 in
350 2542 452 2580 Nota,
474 2542 529 2580 qui
551 2550 622 2589 cum
645 2542 762 2572 Vossio
784 2543 870 2571 facit.
