1892 3007
817 219 896 256 105

263 355 290 378 e.
313 349 341 378 8.
364 348 462 377 Miser
484 346 627 383 Catulle,
649 346 777 376 desinas
801 344 951 381 ineptire.

263 420 289 441 e.
316 413 359 440 ll.
383 410 461 439 Furi
484 410 517 439 et
540 409 669 445 Aureli,
692 409 828 438 comites
854 407 985 436 Catulli.

207 474 210 477 “
263 481 289 502 c.
314 472 363 501 37.
386 472 481 501 Salax
503 472 653 509 taberna,
678 477 799 507 vosque
821 468 1078 499 contubernales.

263 543 289 564 c.
311 536 359 564 38.
382 535 466 564 Male
488 535 554 571 est,
578 533 746 569 Cornifiei,
769 534 825 561 tuo
849 531 990 561 Catullo.

262 605 289 626 e.
310 598 360 626 42.
383 596 522 632 Adeste,
544 594 821 631 hendecasyllabi.

262 668 288 689 e.
310 659 359 689 58.
382 658 487 694 Caeli,
510 658 629 687 Lesbia
651 658 772 687 nostra.

262 730 288 750 e.
313 722 360 750 72.
387 720 522 750 Dicebas
546 719 705 756 quondam
728 718 840 747 solum.

261 792 286 813 e.
311 784 358 813 75.
383 784 452 813 Huc
475 784 524 812 est
546 790 635 812 mens
658 782 833 811 deductam

262 853 288 874 e.
312 846 361 874 87.
387 845 483 873 Nulla
505 846 613 880 potest
634 844 757 872 mulier.
1000 845 1013 885 p

260 915 287 937 e.
311 907 359 936 76.
389 906 423 936 Si
446 913 510 943 qua
531 905 711 935 recordanti
736 904 913 934 benefacta.
999 886 1016 932 ς

261 977 287 997 c.
313 970 361 998 79.
388 968 526 997 Lesbius
549 969 599 996 est
621 967 765 1002 pulcher.

261 1038 287 1059 c.
310 1031 364 1059 91.
393 1030 464 1059 Non
487 1029 577 1067 ideo,
601 1028 696 1058 Gelli.

262 1100 289 1122 c.
313 1093 382 1121 100.
410 1092 539 1121 Caelius
564 1092 741 1121 Aufilenam
765 1092 798 1120 et
820 1091 983 1128 Quintius.

259 1170 380 1206 Tertia
408 1170 566 1217 denique
594 1169 763 1216 periodus
787 1180 832 1204 ex
856 1169 1075 1206 Froehliehii
1113 1170 1282 1217 opinione
1305 1169 1485 1205 continet:

263 1259 289 1280 e.
316 1252 365 1280 36.
394 1250 537 1279 Annales
560 1250 691 1287 Volusi,
716 1251 827 1279 cacata
847 1250 969 1279 charta.

261 1320 289 1341 e.
315 1313 363 1341 83.
388 1311 509 1340 Lesbia
529 1311 573 1340 mi
594 1312 766 1347 praesente
790 1311 869 1340 viro.

261 1382 287 1403 c.
311 1374 360 1403 85.
394 1374 456 1404 Odi
479 1374 512 1403 et
533 1380 623 1411 amo,
645 1381 745 1410 quare
766 1374 799 1403 id
821 1374 945 1403 faciam.

266 1444 292 1464 e.
316 1436 365 1464 92.
392 1435 511 1465 Lesbia
531 1435 575 1463 mi
596 1434 674 1464 dicit
696 1443 823 1470 semper
846 1436 939 1464 male.

262 1506 288 1528 e.
313 1499 380 1528 104.
406 1497 519 1527 Credis
540 1505 592 1527 me
612 1497 757 1533 potuisse
779 1505 880 1527 meae.

262 1570 289 1590 e.
312 1562 380 1589 107.
414 1561 448 1590 Si
471 1561 638 1597 quisquam
660 1560 807 1597 cuiquam
831 1560 957 1596 cupide.

261 1630 288 1651 c.
312 1623 378 1651 109.
401 1622 605 1658 Jueundum,
642 1629 714 1650 mea
739 1622 822 1659 vita,
844 1622 933 1651 mihi.

281 1693 335 1729 De
372 1693 594 1729 carminibus
633 1695 756 1729 autem
785 1693 855 1738 40,
896 1692 967 1737 41,
1006 1692 1075 1737 77,
1107 1693 1157 1729 82
1187 1705 1259 1728 non
1287 1704 1353 1740 pro
1382 1696 1480 1728 certo

227 1768 402 1803 affirmari
430 1770 570 1815 potest,
612 1770 737 1803 utrum
765 1767 812 1803 ad
840 1768 995 1814 primam
1032 1779 1078 1803 an
1109 1768 1155 1803 ad
1184 1767 1336 1803 alteram
1365 1767 1483 1814 perio-

227 1843 312 1879 dum
343 1843 563 1890 pertineant.

282 1918 382 1953 Haec
411 1918 675 1953 Froehlichius.
693 1918 796 1960 Quae
825 1918 973 1965 quidem
999 1919 1152 1962 divisio,
1168 1919 1198 1953 si
1223 1930 1307 1954 vera
1332 1921 1426 1954 esset
1450 1921 1488 1952 et

227 1993 342 2028 firmis
371 1994 548 2028 niteretur
586 1993 854 2038 fundamentis,
895 1996 994 2029 certe
1033 1969 1192 2044 multum*
1218 1993 1411 2041 proficeret
1440 1993 1485 2027 ad

226 2069 428 2105 accuratius
467 2068 512 2104 de
541 2068 693 2104 Lesbiae
719 2080 875 2115 persona
907 2068 1160 2115 judicandum.
1203 2068 1275 2104 Sed
1303 2068 1485 2116 quaedam

226 2145 263 2179 in
307 2156 347 2180 ea
391 2145 510 2181 inesse
539 2145 728 2189 videntur,
767 2156 861 2192 quae
884 2145 972 2192 ipsis
1012 2143 1144 2180 Catulli
1174 2143 1399 2180 carminibus
1429 2155 1486 2179 re-

224 2220 462 2266 darguuntur.
492 2216 786 2255 Minoris'autem
813 2221 988 2255 momenti
1014 2223 1088 2264 est,
1118 2220 1215 2266 quod
1230 2219 1481 2255 Froehlichius

227 2295 415 2343 opinatur,
453 2295 614 2331 earmina
645 2295 695 2331 38
725 2298 762 2331 et
792 2294 838 2330 41
870 2295 917 2331 ad
945 2295 1113 2331 Lesbiam
1142 2295 1347 2342 pertinere,
1388 2293 1484 2341 quod

226 2371 272 2406 de
300 2371 462 2406 carmine
490 2370 561 2414 38,
598 2382 657 2413 me
680 2370 805 2416 judice
833 2382 906 2406 non
933 2370 1078 2417 probari
1117 2373 1236 2417 potest
1266 2373 1302 2405 et
1331 2370 1376 2404 de
1405 2381 1484 2405 ear-

263 2485 269 2503 ¹
295 2482 366 2511 Non
403 2490 474 2510 eum
510 2481 674 2517 scaligero
708 2483 821 2510 censet
854 2480 1079 2510 Froehliohius
1100 2489 1126 2508 e.
1153 2481 1191 2510 87
1217 2488 1286 2509 oum
1310 2487 1337 2508 c.
1362 2479 1399 2507 75
1431 2487 1501 2508 esse

223 2544 498 2580 conjungendum,
522 2542 576 2573 sed
600 2543 678 2573 illud
702 2551 773 2574 esse
797 2546 919 2579 partem
942 2552 969 2572 o.
993 2545 1031 2572 76
1054 2545 1243 2580 suspicatur.
