1892 3007
930 273 982 310 19

325 399 377 436 “J.
408 400 486 436 698
510 401 585 436 und
612 400 691 436 699
713 401 790 436 und
813 401 916 436 ward
941 401 1036 436 ohne
1062 400 1207 436 Zweifel
1232 400 1270 435 in
1296 400 1381 436 dem
1404 400 1578 436 letzteren

324 477 509 512 “bekannt
532 477 721 523 gemacht;
746 474 812 511 der
834 476 987 522 jungste
1011 476 1167 520 Vorfall,
1183 476 1314 511 dessen
1330 476 1383 511 sie
1398 476 1578 522 gedenkt,

325 551 486 587 “ist-der
509 551 660 587 Prozesz
684 551 748 587 des
774 550 942 586 Vatinius
967 551 1076 597 (Aug.
1104 550 1210 598 699).
1238 550 1483 597 Hieronymus
1505 551 1581 586 An-

328 627 442 673 “gabe
466 627 548 662 dass
579 625 743 662 Catullus
767 625 888 668 696l7
906 627 1098 673 gestorben
1112 654 1121 671 ,
1145 626 1301 661 braucht
1323 626 1398 661 also
1423 638 1495 661 nur
1516 638 1579 661 um

324 701 489 749 “wenige
517 702 627 738 Jahre
655 701 879 738 verschohen
910 713 954 738 zu
990 702 1078 737 sein.
1110 701 1271 747 Daraus,
1300 702 1383 737 dass
1413 702 1580 738 Vatinius

325 777 344 797 “
363 777 444 812 “bei
485 778 625 813 seinem
667 777 840 812 Consulat
886 778 963 812 sich
1014 778 1260 813 verschwort”
1296 777 1360 811 hat
1393 788 1479 811 man
1513 778 1580 833 mit

323 852 509 888 “Unreoht
532 852 784 899 geschlossen,
810 852 893 888 dass
926 852 985 887 die
1015 851 1232 899 Sammlung
1260 855 1336 887 erst
1360 853 1454 887 nach
1478 852 1580 887 Vati-

323 926 428 962 “nius
457 927 631 962 Consulat
659 926 772 974 (706)
802 927 1017 962 erschienen
1047 928 1113 962 ist:
1144 938 1181 962 es
1211 927 1300 973 folgt
1328 927 1460 962 daraus
1489 939 1578 972 nur,

324 1002 429 1038 “dass
444 1002 611 1038 Vatinius
621 1030 630 1047 ,
658 1002 711 1038 als
726 1002 779 1038 sie
802 1003 987 1047 erschien‚
1011 1003 1124 1038 sehon
1140 1003 1274 1038 darauf
1283 1003 1443 1039 reohnen
1459 1003 1579 1038 durfte

323 1078 384 1113 “in
419 1078 540 1114 einem
567 1078 802 1113 bestimmten
840 1078 950 1114 Jahre
979 1077 1114 1113 Consul
1143 1090 1186 1113 zu
1214 1079 1379 1123 werden,
1407 1090 1511 1114 wozu
1538 1090 1579 1113 er

324 1153 480 1189 “bereits
495 1152 575 1189 699
598 1153 666 1189 alle
682 1153 843 1190 Ursache
859 1154 961 1197 hat-te
971 1181 980 1198 ‚
996 1153 1094 1189 denn
1109 1154 1228 1189 sicher
1242 1154 1350 1189 stand
1364 1154 1442 1189 sein
1458 1154 1576 1189 Name

328 1228 418 1264 “mit
441 1230 507 1264 auf
526 1229 592 1264 der
614 1229 653 1263 in
677 1229 774 1264 Luca
797 1229 1053 1264 vereinbarten
1081 1228 1402 1264 Candidatenliste.
1419 1229 1511 1276 (Cic.
1528 1229 1574 1264 ad

325 1304 425 1339 “Att.
457 1303 526 1349 IV,
557 1303 580 1339 8
608 1304 643 1340 b.
674 1304 750 1351 2.)”

376 1379 455 1414 Hae
479 1380 553 1414 fere
576 1381 662 1414 sunt
682 1379 843 1414 virorum
859 1379 1048 1414 doctorum
1064 1380 1133 1414 hac
1148 1379 1193 1414 de
1207 1390 1247 1414 re
1262 1379 1461 1426 opiniones.
1478 1379 1574 1421 Qua-

318 1466 403 1507 rum
416 1454 544 1490 ultima
559 1466 632 1490 non
649 1454 774 1490 dubito
790 1455 879 1501 quin
894 1455 1082 1490 verissima
1097 1456 1164 1499 sit,
1180 1455 1313 1502 quippe
1327 1467 1421 1502 quae
1437 1455 1570 1491 talibus

319 1530 544 1575 argumentis
574 1530 870 1575 commendetur,
895 1530 1019 1576 quales
1045 1530 1155 1565 aliam
1178 1530 1318 1565 nullam
1343 1530 1572 1565 confirmant.

319 1605 386 1641 Cui
409 1606 508 1641 enim
532 1606 821 1651 Jungclausenus
849 1608 1066 1652 argumento
1082 1606 1241 1652 primum
1259 1607 1437 1642 concessit
1450 1606 1571 1641 locum

319 1681 357 1717 id
397 1692 469 1717 non
511 1681 615 1717 facile
656 1681 826 1728 redargui
868 1692 974 1728 posse
1016 1680 1133 1717 credo.
1173 1680 1243 1723 Qui
1273 1682 1372 1717 enim
1413 1685 1512 1717 recte
1555 1694 1575 1718 e

320 1757 451 1792 Catulli
501 1757 723 1792 carminibus
769 1768 891 1792 mores
926 1756 1024 1802 'ejus
1068 1760 1104 1791 et
1151 1757 1341 1802 ingenium
1385 1758 1572 1803 cognovit,

319 1844 392 1868 non
435 1831 615 1867 dubitabit
651 1834 830 1876 statuere,
868 1831 947 1866 fieri
981 1842 1054 1866 non
1084 1831 1262 1878 potuisse,
1289 1834 1331 1867 ut
1358 1835 1485 1878 poeta,
1518 1833 1576 1867 cui

319 1918 393 1941 non
444 1907 562 1942 solum
612 1907 790 1953 quidquid
838 1907 996 1942 scribere
1048 1907 1267 1950 conabatur,
1318 1918 1443 1942 versus
1478 1910 1575 1951 erat,

319 1982 383 2017 sed
420 1981 521 2028 cujus
559 1982 723 2017 animum
761 1982 816 2017 ira
853 1985 916 2017 aut
955 1993 1078 2017 amore
1117 1985 1341 2017 commotum
1380 1982 1483 2017 Musa
1522 1983 1572 2017 ita

314 2055 466 2102 jubebat
489 2056 608 2103 loqui,
636 2059 677 2091 ut
708 2059 828 2092 tacere
856 2068 930 2092 non
963 2060 1104 2103 posset⁷
1139 2060 1294 2101 taceret,
1328 2057 1414 2105 dum
1447 2057 1577 2092 ultima

319 2131 496 2167 libertatis
519 2143 641 2178 pugna
664 2135 790 2168 contra
813 2133 1047 2179 tyrannidem
1070 2132 1138 2167 sub
1162 2131 1240 2178 ejus
1268 2132 1380 2167 oculis
1409 2133 1576 2168 commit-

322 2206 477 2242 tebatur.
505 2207 630 2242 Altero
655 2211 778 2243 autem
802 2211 1018 2254 argumento
1047 2208 1139 2242 nihil
1162 2208 1309 2254 probari
1334 2208 1450 2243 credo.
1480 2207 1576 2242 Nam

322 2281 585 2327 demonstrari,
601 2293 683 2317 mea
707 2283 856 2329 quidem
871 2283 1063 2330 opinione,
1086 2294 1159 2318 non
1183 2286 1301 2330 potest
1324 2294 1366 2317 ea
1390 2283 1573 2329 carmina,

321 2368 415 2404 quae
442 2368 487 2392 ex
522 2357 781 2393 Alexandrinis
808 2359 924 2405 poetis
961 2359 1069 2393 vertit
1096 2359 1153 2393 vel
1180 2358 1226 2393 ad
1255 2370 1381 2393 eorum
1412 2358 1576 2404 exempla

322 2426 488 2460 imitatus
517 2428 591 2471 est,
619 2437 694 2461 non
722 2426 768 2461 ad
795 2429 1019 2472 postremam
1048 2426 1180 2461 Catulli
1209 2427 1305 2461 vitae
1329 2429 1469 2472 partem
1494 2437 1576 2472 per-

321 2500 450 2535 tinere.
486 2500 539 2535 De
579 2499 688 2535 Calvo
726 2504 763 2536 et
790 2500 930 2548 Nepote
959 2504 1059 2536 recte
1087 2501 1311 2547 disputatum
1340 2501 1502 2543 videtur;
1532 2501 1576 2535 de

323 2575 453 2610 Lesbia
469 2578 595 2622 postea
617 2576 764 2611 uberius
787 2576 937 2612 dicetur.
964 2576 1035 2611 Sed
1065 2588 1138 2611 non
1161 2576 1363 2612 omittenda
1391 2580 1477 2610 sunt
1504 2576 1575 2610 duo

1509 2643 1547 2678 2.
