1892 3007
951 198 1031 234 118

618 245 634 263 Q

371 325 575 361 veniendae
615 326 750 361 deerat.
784 325 928 368 Quanto
957 325 1109 361 Lesbiae
1137 336 1262 362 amore
1289 324 1419 360 arserit
1446 323 1627 370 Catullus,

356 401 506 448 ⁸multa,
538 413 634 448 quae
663 404 861 448 supersunt
883 401 1045 436 carmina
1071 401 1280 444 declarant,
1303 400 1356 435 sic
1365 411 1394 434 c.
1410 400 1455 443 5,
1471 398 1515 443 7,
1531 399 1573 442 2,
1591 398 1627 433 3.

372 476 413 511 In
434 477 569 523 quibus
597 476 738 512 duobus
772 476 1034 523 posterioribus
1065 475 1287 512 carminibus
1315 485 1450 510 nomen
1478 473 1630 510 Lesbiae

369 552 562 596 reticetur,
595 551 693 597 quod
722 548 836 586 etia'm
867 551 946 586 fleri
977 551 1145 586 videmus
1172 551 1210 585 in
1235 549 1458 585 carminibus
1483 548 1527 593 8,
1555 548 1600 583 11
1618 576 1627 593 ,

376 625 446 672 13,
478 625 552 671 36,
582 625 654 671 37,
693 626 766 670 42,
796 624 883 671 68³,
913 623 1001 671 68¹2,
1047 625 1097 661 70
1127 626 1182 673 (cf
1206 625 1296 673 72),
1324 611 1393 670 τέ,
1423 636 1474 661 vs.
1502 623 1523 659 7
1548 636 1626 671 sqq.

371 700 440 746 76,
479 701 552 745 91,
591 700 691 744 104,
731 700 820 735 109.
864 700 1002 736 Eodem
1038 701 1113 736 fere
1151 703 1334 747 tempore,
1372 711 1444 746 quo
1472 702 1629 746 quatuor

369 777 433 812 illa
457 777 641 821 carmina,
667 787 759 823 quae
787 776 909 822 priora
934 776 1205 812 nominavimus
1229 775 1459 822 conscripsit,
1480 786 1626 811 carmen

367 850 415 886 51
430 878 439 895 ,
469 862 489 885 e
513 850 680 897 Sapphus
703 850 783 885 illo:
818 855 984 886 “mozin-rai
1011 866 1066 898 μοι
1092 858 1181 891 κῆνος
1205 852 1272 891 ’ίσος
1295 851 1439 887 Simon?
1478 860 1627 885 conver-

366 926 407 961 tit
439 929 476 961 et
500 937 647 973 carmen
676 922 744 961 68¹³
773 925 813 972 (i.
847 937 877 961 e.
910 936 1010 960 carm
1039 924 1111 969 68,
1141 925 1226 960 inde
1250 936 1270 960 a
1299 936 1407 961 versu
1435 924 1504 972 41)
1528 936 1627 961 com-

364 994 504 1041 posuit,
537 994 576 1028 in
606 1005 678 1040 quo
708 993 847 1028 Allium
877 993 1036 1028 amicum
1066 992 1230 1027 laudavit
1255 995 1402 1040 propter
1427 992 1624 1036 beneficia,

364 1070 496 1117 quibus
532 1070 571 1104 in
612 1080 737 1105 amore
776 1071 924 1116 poetam
965 1069 1096 1104 affecit.
1135 1069 1216 1104 Jam
1246 1071 1379 1115 ,tamen
1405 1069 1443 1104 in
1466 1068 1624 1104 confinio

371 1155 500 1179 sumus
537 1144 629 1178 alius
664 1143 869 1178 carminum
899 1143 1043 1189 generis
1053 1154 1062 1186 ;
1092 1143 1131 1177 in
1160 1154 1202 1178 eo
1231 1143 1307 1190 ipso
1336 1143 1435 1178 enim
1463 1143 1625 1178 carmine
1679 1149 1681 1151 ’

378 1220 541 1256 Catullus
566 1219 645 1266 jam
674 1219 805 1254 cecinit
835 1230 905 1254 vss.
935 1218 1014 1254 135
1043 1221 1079 1254 et
1107 1217 1204 1253 136:

546 1307 655 1343 “Quae
679 1308 786 1335 tamen
810 1306 873 1335 etsi
895 1313 958 1335 uno
980 1313 1045 1335 non
1066 1306 1116 1334 est
1138 1307 1291 1335 contenta
1313 1305 1440 1335 Catullo

588 1369 693 1399 “Rura
716 1368 919 1399 verecundae
941 1369 1028 1399 furta
1049 1369 1187 1399 feremus
1208 1367 1337 1398 herae.''

418 1456 570 1492 Lesbiae
614 1456 811 1491 infidelitas
858 1456 947 1491 satis
999 1455 1128 1491 acerbe
1170 1455 1414 1503 vituperatur,
1459 1455 1622 1492 Catullus

364 1536 491 1567 tamen
530 1532 620 1567 adeo
648 1532 790 1578 puellae
829 1534 1021 1567 venustate
1050 1534 1086 1566 et
1115 1532 1296 1567 suavitate
1323 1531 1495 1578 deceptus
1523 1535 1620 1575 erat,

363 1610 406 1642 ut
456 1606 535 1653 ejus
586 1607 692 1642 furtis
732 1607 966 1653 indulgenter
1005 1606 1206 1642 connivens
1245 1610 1282 1642 et
1335 1607 1453 1642 varias
1507 1618 1616 1642 excu-

363 1682 467 1718 sandi
506 1693 651 1717 caussas
691 1682 884 1728 colligens,
911 1693 1059 1716 carmen
1088 1681 1177 1716 illud
1214 1682 1271 1716 his
1309 1693 1434 1717 amore
1474 1682 1618 1716 inflam-

363 1759 473 1794 matis
503 1757 670 1793 versibus
699 1757 949 1793 concluderet:

419 1837 483 1867 “Et
503 1838 601 1874 longe
624 1839 700 1866 aute
723 1844 834 1866 omnes
861 1819 953 1873 (felis
975 1838 1032 1874 sit)
1060 1838 1148 1875 mihi,
1172 1846 1255 1875 quae
1277 1846 1329 1868 me
1352 1839 1458 1868 carior
1480 1839 1597 1875 ipsost,

541 1900 633 1930 “Lux
657 1907 745 1937 mea,
770 1908 833 1937 qua
856 1900 929 1929 viva
954 1900 1064 1930 vivere
1086 1901 1180 1930 dulce
1201 1900 1342 1931 mihist.''

412 1978 580 2025 Denique
607 1979 767 2025 primae,
797 1982 840 2014 ut
866 1979 918 2014 ita
947 1979 1087 2023 dicam,
1118 1979 1224 2014 classi
1255 1979 1300 2014 de
1329 1979 1458 2015 Lesbia
1487 1981 1617 2016 carmi-

359 2066 449 2090 num
488 2066 519 2090 c.
565 2053 636 2090 86:
672 2053 847 2096 “Quintia
877 2055 1036 2090 formosa
1065 2058 1121 2091 est
1149 2055 1296 2100 multis,
1326 2056 1417 2091 mihi
1443 2056 1616 2102 candida,

356 2130 488 2177 longa”
518 2130 714 2177 adscripsit
744 2129 968 2165 Schwabius.

414 2205 471 2241 Ad
512 2206 667 2242 alteram
718 2217 804 2242 vero
855 2206 1008 2242 classem
1055 2206 1238 2253 pertinere
1281 2207 1448 2254 opinatus
1489 2210 1545 2243 est
1586 2219 1615 2243 c.

357 2280 427 2316 70:
473 2281 606 2316 “Nulla
634 2292 673 2316 se
700 2281 792 2316 dicit
819 2281 951 2316 mulier
980 2293 1063 2317 mea
1092 2282 1230 2318 nubere
1258 2283 1409 2327 malle”‚
1437 2295 1519 2319 cum
1549 2284 1615 2319 du-

354 2356 445 2393 obus
486 2356 617 2392 similis
657 2357 866 2403 argumenti
905 2357 1147 2403 carminibus,
1188 2370 1217 2394 c.
1259 2357 1329 2395 83:
1372 2358 1526 2395 “Lesbia
1563 2360 1613 2396 mi

353 2435 545 2480 praesente
583 2433 660 2468 viro
699 2432 796 2468 mala
825 2433 983 2480 plurima
1012 2433 1121 2469 dicit’'
1151 2436 1188 2469 et
1217 2446 1245 2470 c.
1277 2433 1346 2470 92:
1380 2433 1534 2471 “Lesbia
1561 2435 1613 2471 mi

356 2508 445 2544 dicit
491 2519 636 2556 semper
682 2509 798 2554 male,
848 2521 916 2545 nec
954 2513 1050 2546 tacet
1086 2512 1296 2558 umquam'’.
1344 2510 1444 2554 Quae
1490 2512 1613 2548 omnia
