1892 3007
827 250 903 286 107

249 387 278 412 c.
309 376 382 422 58,
420 389 491 425 quo
520 377 676 415 flebilius
704 380 741 413 et
767 376 916 424 majoris
950 378 1052 413 testis
1089 378 1222 413 doloris
1250 378 1345 413 inter
1374 376 1495 412 Catul-

247 452 346 489 liana
375 454 537 489 carmina
565 465 636 489 non
666 454 855 501 reperitur.
885 454 1048 489 Tandem
1072 454 1223 501 perfecit
1245 457 1370 501 poeta,
1398 454 1495 501 quod

250 528 312 564 diu
350 528 389 564 in
425 529 548 565 animo
585 528 732 575 habuit,
769 529 824 565 ira
852 531 889 564 et
922 529 1024 565 dolor
1055 530 1285 577 pervicerunt
1312 541 1494 574 amorem,

252 605 400 640 tandem
438 608 572 641 tetrum
610 606 776 653 deposuit
812 605 1000 651 morbum,
1041 606 1137 653 quod
1176 618 1288 653 quum
1333 606 1494 650 fecisset,

244 692 465 728 quamquam
495 693 540 716 ex
568 682 667 717 omni
689 684 834 728 pectore
861 682 1017 717 laetitias
1046 682 1261 729 expulisset,
1284 693 1322 717 se
1346 682 1494 717 beatum

248 757 470 804 praedicavit
508 756 554 804 (c.
596 757 673 804 76).
711 757 839 793 Restat
874 770 905 793 c.
943 757 1015 802 11,
1055 770 1125 804 quo
1164 739 1267 804 quasi
1305 758 1494 804 repudium

250 831 401 867 Lesbiae
431 832 592 868 Catullus
619 833 761 868 remisit
788 835 824 868 et
852 833 948 879 quod
985 833 1031 868 ob
1064 836 1302 868 monumenta
1331 832 1496 868 Caesaris

242 908 385 954 magni,
419 919 511 955 quae
540 909 577 943 in
597 920 639 964 eo
663 911 999 944 commemorantur
1033 920 1180 944 necesse
1218 911 1292 953 est,
1322 909 1496 955 scriptum

241 984 289 1020 sit
316 987 396 1032 post
426 983 590 1020 Caesaris
626 984 893 1032 expeditionem
918 984 956 1020 in
994 984 1225 1020 Britanniam
1254 984 1430 1030 alteram,
1470 985 1493 1020 i.

240 1072 271 1095 e.
297 1072 370 1096 non
394 1063 479 1095 ante
502 1071 640 1095 annum
666 1060 755 1095 699.
780 1060 944 1095 Carmen
971 1060 1049 1095 100
1065 1061 1109 1096 de
1137 1072 1261 1096 amore
1290 1072 1377 1107 erga
1404 1061 1487 1096 Les-

240 1136 355 1181 biam,
385 1138 426 1171 ut
449 1134 493 1172 de
521 1147 560 1171 re
588 1134 731 1171 omnino
755 1134 962 1184 praeterita
991 1136 1067 1183 agit
1095 1139 1131 1172 et
1159 1148 1302 1172 versus:

375 1268 377 1270 ·
439 1261 529 1291 “cum
553 1268 672 1290 vesana
695 1268 782 1290 meas
805 1262 943 1290 torreret
964 1261 1090 1290 flamma
1111 1261 1289 1291 medullas''

247 1378 355 1422 satis,
386 1377 511 1422 credo,
540 1377 677 1412 indicat
705 1376 880 1411 miserum
911 1376 1094 1411 Catullum
1124 1377 1279 1424 ineptire
1308 1377 1467 1412 desiisse.

302 1454 339 1489 Si
379 1457 502 1489 autem
540 1453 809 1488 consideremus
846 1453 1030 1497 carmina,
1059 1464 1152 1500 quae
1178 1453 1216 1488 in
1246 1454 1354 1489 tertia
1370 1454 1497 1489 'classe

245 1528 366 1576 posuit
389 1528 418 1563 F
419 1528 656 1572 roehlichius,
685 1538 850 1575 quaeque
873 1527 986 1573 igitur
1007 1528 1191 1574 perhibuit
1213 1531 1293 1575 post
1315 1529 1495 1573 carmina,

240 1605 285 1640 de
328 1604 460 1651 quibus
490 1604 569 1650 jam
597 1603 706 1639 verba
734 1603 904 1647 fecimus,
933 1604 1066 1650 scripta
1096 1615 1194 1648 esse,
1223 1604 1410 1650 apparebit
1437 1604 1497 1639 illa

245 1691 319 1715 non
355 1682 516 1716 mentem
554 1680 691 1727 spirare
729 1679 845 1723 lllius,
874 1678 936 1725 qui
965 1678 1012 1714 ad
1041 1676 1206 1714 Caelium
1234 1678 1384 1714 rivalem
1412 1679 1497 1713 hor-

243 1757 323 1792 rida
352 1756 461 1792 verba
491 1756 662 1791 carminis
687 1756 739 1791 58
765 1756 927 1802 scripsit:

523 1852 650 1890 “Caeli‚
672 1851 793 1882 Lesbia
814 1852 941 1890 nostra,
966 1851 1087 1882 Lesbia
1109 1852 1181 1891 illa,

519 1915 601 1944 “Illa
624 1915 761 1952 Lesbia,
784 1922 879 1951 quam
904 1915 1051 1944 Catullus
1073 1923 1167 1944 unam

520 1977 619 2007 “Plus
642 1984 735 2014 quam
759 1984 793 2006 se
815 1977 913 2015 atque
936 1984 1015 2006 suos
1036 1977 1156 2006 amavit
1178 1984 1289 2007 omnes

526 2040 638 2069 “Nunc
660 2041 693 2069 in
717 2040 893 2077 quadriviis
916 2041 949 2069 et
969 2040 1149 2076 angiportis

520 2101 651 2132 “Glubit
673 2102 893 2138 magnanimos
915 2102 1010 2131 Remi
1032 2100 1197 2138 ncpotes.'’

296 2191 330 2226 Is
371 2201 535 2237 quoque,
567 2189 629 2236 qui
657 2200 739 2224 rara
768 2189 992 2224 verecundae
1020 2190 1112 2224 feret
1140 2190 1236 2224 furta
1264 2189 1393 2232 herae,
1424 2200 1496 2223 non

241 2266 329 2301 talia
376 2265 510 2300 dixerit
548 2264 677 2309 verba,
725 2264 756 2299 si
803 2264 866 2300 lux
904 2264 1114 2300 candidiore
1151 2266 1237 2299 nota
1275 2264 1387 2308 foret,
1426 2275 1496 2310 qua

241 2341 373 2377 mulier
411 2343 552 2385 amata,
591 2340 654 2375 sed
682 2340 881 2387 paullulum
911 2340 1088 2385 alienata,
1118 2351 1157 2375 se
1185 2340 1252 2387 ipsi
1276 2340 1494 2375 restitueret.

241 2417 361 2461 Quare
401 2417 550 2464 opinor,
592 2416 715 2452 omnia
752 2415 814 2452 illa
849 2416 1026 2462 carmina,
1058 2426 1150 2463 quae
1178 2415 1427 2451 Froehlichius
1451 2415 1498 2451 ad

241 2495 391 2530 tertiam
431 2493 621 2540 adscripsit
658 2493 868 2540 periodum,
897 2494 944 2528 ad
971 2504 1032 2528 eas
1059 2493 1158 2528 rixas
1187 2496 1373 2539 oportere,
1403 2504 1496 2539 quae

243 2580 448 2618 numquam
485 2579 558 2604 non
597 2569 694 2604 inter
728 2572 894 2604 amantes
918 2569 1005 2604 oriri
1040 2568 1169 2604 solent.
1198 2567 1313 2614 Magis
1341 2568 1496 2603 eandem
