1892 3007
882 227 934 263 53

291 354 402 390 “scite
440 354 612 402 distingui
651 359 687 391 et
724 356 921 391 internosci
958 357 1137 402 possent.’'
1179 356 1258 402 Ipse
1295 355 1535 400 Niebuhrius,

290 430 618 477 praeclarissimum
662 433 699 466 in
745 432 949 467 litterarum
994 431 1175 478 republica
1212 443 1343 472 nomen
1356 459 1365 476 ,
1403 431 1533 467 Catulli

292 516 439 541 carmen
480 506 589 541 dixit:
633 507 714 541 “ein
756 506 954 541 herrliches
985 505 1139 541 Gedicht
1172 507 1220 542 ¹.”
1264 506 1423 541 Bosscha
1456 511 1537 541 tan-

291 581 394 625 dem,
435 593 543 628 quem
581 581 659 628 jam
701 582 843 628 saepius
884 582 1130 626 laudavimus,
1173 593 1233 617 eos
1266 576 1370 617 vocat
1394 582 1535 628 judices

291 656 413 692 minus
441 667 594 704 aequos,
623 657 829 704 ignorantia
854 657 928 693 veri
954 657 1159 703 argumenti
1185 657 1332 702 ductos,
1361 658 1423 704 qui
1442 657 1537 704 jeju-

293 743 381 767 num
417 743 564 767 carmen
592 732 851 779 appellaverint
876 736 912 767 et
936 733 988 767 sic
1012 733 1120 768 simul
1144 733 1397 768 damnaverint
1421 733 1542 768 Catul-

292 807 388 852 lum,
417 808 575 855 lepidum
604 808 705 843 illum
730 808 995 855 elegantiarum
1010 808 1188 844 arbitrum
1205 810 1229 843 ².
1261 807 1542 853 ABilderdijkio

293 886 451 919 nostrate
466 882 597 919 Catulli
612 894 757 918 carmen
773 883 927 929 Belgicis
944 883 1105 919 versibus
1121 895 1329 930 expressum
1346 887 1400 919 est
1411 911 1420 928 ‚
1435 884 1484 919 ita
1500 887 1541 919 ut

292 960 351 995 hic
374 970 518 1006 quoque
542 970 613 994 non
639 960 718 994 sine
745 959 986 995 admiratione
1014 970 1160 994 carmen
1186 959 1313 1006 legisse
1337 959 1500 995 videatur
1516 962 1541 994 ³.

347 1034 416 1076 Qui
466 1035 503 1069 in
554 1046 700 1070 sensum
752 1035 975 1070 contrarium
1026 1034 1255 1081 disputavere
1304 1035 1408 1081 pauci
1458 1038 1544 1070 sunt

293 1121 463 1153 numero3
492 1113 653 1145 attamen
681 1111 815 1146 rectius
834 1110 1017 1156 judicasse
1038 1110 1128 1145 mihi
1153 1110 1332 1145 videntur.
1362 1110 1423 1146 Sic
1445 1110 1544 1145 Nau-

293 1185 412 1221 detius
436 1188 470 1220 ⁴:
501 1184 603 1220 “Hoc
626 1196 794 1229 carmen,
824 1185 1058 1232 quantumvis
1089 1185 1314 1221 celeberrimi
1343 1186 1545 1221 eruditione

297 1260 386 1296 “viri
411 1260 577 1296 laudibus
602 1261 638 1296 in
667 1261 807 1296 coelum
832 1261 976 1306 tollant,
1000 1272 1072 1296 non
1095 1272 1242 1307 possum
1267 1272 1349 1296 cum
1375 1261 1426 1296 eis
1455 1261 1544 1296 illud

297 1337 492 1372 “admirari
503 1320 522 1381 ,¹
537 1337 620 1381 licet
644 1337 874 1372 felicissimae
893 1348 1007 1373 venae
1021 1337 1138 1372 foetus
1153 1340 1189 1372 et
1204 1337 1384 1372 scribendi
1401 1337 1544 1383 generis

298 1412 587 1459 “castigatissimi
611 1412 786 1458 igniculos
809 1413 944 1459 passim
969 1412 1249 1459 deprehendam.
1277 1412 1322 1447 Et
1336 1413 1451 1448 fateor
1466 1413 1546 1459 qui-

298 1489 403 1526 “dem
432 1488 578 1535 regibus
590 1516 598 1532 ,
620 1499 774 1535 quorum
789 1491 960 1524 ventosae
974 1488 1268 1535 magnanimitati
1283 1488 1523 1535 palpabantur
1536 1515 1545 1531 ‚

299 1563 407 1598 “talia
435 1567 641 1599 commenta
669 1563 773 1599 valde
795 1564 955 1610 placere,
986 1564 1098 1598 immo
1123 1564 1161 1598 in
1183 1563 1388 1610 praesentia
1403 1563 1545 1598 fabulae

297 1639 625 1687 “opportunitatem
649 1639 795 1686 ingenio
811 1639 944 1675 Poetae
958 1640 1117 1675 favorem
1132 1638 1315 1686 publicum
1336 1638 1526 1674 conciliare
1537 1666 1546 1682 ‚

297 1714 358 1749 “in
382 1715 509 1761 primis
532 1715 628 1762 apud
645 1714 916 1751 AJexandrinos-
926 1714 1025 1759 illos,
1050 1715 1112 1761 qui
1124 1726 1210 1761 prae
1226 1715 1354 1750 ceteris
1370 1714 1544 1750 orationis

298 1791 548 1827 “calamistros
587 1794 622 1826 et
655 1791 917 1827 curiosissimas
956 1791 1155 1837 figurarum
1198 1790 1343 1826 dicendi
1386 1790 1547 1837 argutias

299 1867 360 1901 “in
403 1867 540 1902 deliciis
577 1867 785 1902 habuerunt
804 1894 813 1910 ‚
850 1867 1048 1913 potuisse”‚
1079 1870 1115 1901 et
1139 1867 1191 1901 sic
1213 1866 1331 1912 pergit
1359 1865 1544 1900 admirans

293 1946 434 1978 tantam
475 1942 570 1989 apud
609 1942 793 1978 Romanos
837 1941 1058 1977 Graecorum
1100 1942 1212 1977 fuisse
1253 1941 1508 1976 auctoritatem
1529 1968 1537 1984 ,

293 2021 334 2053 ut
375 2029 448 2054 non
490 2018 577 2053 satis
619 2018 969 2062 animadverterent,
1012 2017 1100 2066 quid
1148 2017 1326 2052 distarent
1366 2028 1451 2052 aera
1494 2016 1549 2051 lu-

235 2087 239 2091 ’
295 2087 400 2133 pinis.
459 2086 595 2122 Eodem
637 2086 745 2122 modo
799 2086 995 2133 disputavit
1046 2085 1235 2132 Helbigius
1272 2088 1307 2129 ⁵,
1351 2085 1412 2131 qui
1450 2087 1548 2131 post-

298 2172 408 2208 quam
445 2161 489 2196 de
526 2161 656 2196 studiis
694 2160 1025 2195 Alexandrinorum
1063 2161 1158 2206 apud
1188 2160 1373 2194 Romanos
1402 2170 1547 2205 quoque

335 2263 339 2278 ¹
368 2259 527 2294 Vortrage
549 2258 627 2286 iiber
649 2257 821 2287 Romische
844 2256 1056 2294 Geschichte‚
1080 2257 1129 2286 ed.
1152 2257 1236 2286 Isler
1258 2257 1331 2291 ΙΙΙ,
1354 2257 1423 2286 348.

333 2323 343 2341 ²
366 2321 386 2349 l.
409 2321 428 2349 l.
452 2329 481 2356 p.
505 2322 531 2349 2.

333 2386 344 2403 ³
367 2382 586 2412 Kallimachus
597 2382 784 2418 Lofzangen
796 2381 876 2410 door
886 2389 943 2410 mr.
956 2381 1007 2409 W.
1020 2382 1212 2417 Bilderdijk‚
1236 2390 1265 2417 p.
1278 2383 1326 2410 97.
1353 2381 1453 2410 Amst.
1469 2382 1557 2410 1808.

294 2446 333 2474 In
355 2445 530 2474 novissima.
551 2444 692 2473 editione
714 2445 829 2479 poetae
851 2443 971 2479 legitur
993 2443 1066 2479 ΙΙΙ,
1089 2445 1137 2472 39.

332 2510 343 2528 ⁴
367 2508 405 2536 In
431 2507 572 2536 editione
594 2506 732 2543 Catulli,
754 2513 783 2541 p.
806 2507 875 2534 313.

334 2569 346 2590 5
371 2568 537 2597 Deutsehe
559 2567 779 2604 Jahrbiicher,
802 2569 862 2596 etc.
885 2567 937 2595 l.l.
