1892 3007
849 221 897 255 79

244 343 399 388 praefert
426 343 645 387 Naudetius,
669 344 730 390 qui
764 355 881 390 neque
909 345 946 378 in
974 346 1280 380 commentatione
1311 346 1482 388 metrica,

242 429 351 464 quam
398 420 548 454 carmini
591 420 796 466 praemisit,
845 420 1043 467 quidquam
1076 421 1180 465 novi,
1220 420 1315 467 quod
1358 432 1480 456 verum

242 495 352 535 esset,
391 493 527 537 docuit,
566 496 602 528 et
637 494 705 528 hoc
734 494 810 529 loco
839 495 1004 539 perhibet
1033 495 1069 529 in
1099 494 1265 529 “omnia''
1305 495 1480 540 liquidam

241 580 273 601 m
302 568 467 613 effluere,
497 570 547 604 ita
574 573 615 604 ut
642 570 689 605 sit
716 569 934 616 tribrachys:
959 574 1144 616 praeterea
1173 581 1349 606 concursu
1377 581 1481 606 voca-

240 640 327 675 lium
355 642 520 676 ultimam
559 644 654 677 vocis
683 645 851 678 “earum”
882 655 953 678 non
982 644 1191 688 absorberi,
1222 645 1285 678 sed
1314 645 1480 679 dimidia-

239 719 315 751 tam
345 728 552 761 remanere,
580 719 649 753 hoc
676 719 802 754 modo:

611 839 646 873 et
675 848 797 873 earum
824 835 946 873 omnia
974 835 1112 873 adirem

615 898 791 925 *dv—,xj
818 898 913 926 vv,
939 900 971 909 υ
1036 900 1125 926 -Ἷν

292 987 545 1023 Lachmannus
573 991 609 1023 et
642 988 819 1035 Hauptius
853 988 1020 1024 codicum
1063 992 1209 1024 servant
1238 989 1475 1036 scripturam,

237 1072 344 1107 quam
382 1062 543 1096 Nobbius
582 1074 722 1108 quoque
765 1066 902 1097 tutatus
944 1066 1031 1097 erat.
1077 1062 1306 1111 Quamquam
1330 1075 1411 1097 rara
1440 1068 1476 1097 et

238 1137 329 1171 mira
381 1137 576 1172 admodum
625 1138 719 1183 apud
770 1137 950 1172 Catullum
995 1138 1085 1172 haec
1126 1136 1318 1173 Galliambi
1361 1138 1475 1173 forma

237 1210 395 1255 videtur,
422 1214 565 1255 tamen,
594 1212 678 1257 quia
716 1223 761 1246 ex
797 1212 936 1256 origine
974 1222 1142 1245 versuum
1184 1212 1326 1256 generis
1363 1212 1473 1257 expli-

235 1289 356 1330 catur,
404 1298 475 1320 non
516 1298 580 1332 pro
627 1289 724 1321 certo
770 1287 953 1321 affirmare
996 1286 1132 1330 aude0‚
1171 1286 1239 1321 hoc
1282 1286 1358 1321 loco
1387 1298 1474 1333 opus

233 1370 309 1394 esse
335 1360 559 1404 conjectura,
583 1363 762 1404 attamen,
783 1361 867 1406 quia
890 1363 988 1406 patet
1016 1371 1035 1394 e
1063 1360 1225 1395 versibus
1251 1365 1475 1408 ἀνακλωμένοις

234 1437 330 1468 ortos
373 1434 611 1479 Galliambos,
654 1436 683 1469 si
727 1439 809 1481 apta
851 1436 1074 1470 inveniretur
1115 1434 1339 1478 emendatio,
1381 1436 1473 1470 hanc

233 1509 502 1557 praeferendam
532 1521 610 1545 esse
646 1509 789 1546 lectioni
827 1509 964 1556 vulgari
1003 1519 1198 1545 censerem.
1241 1529 1293 1535 —
1336 1508 1372 1544 Si
1410 1520 1473 1544 au-

233 1587 306 1618 tem
365 1586 506 1618 numeri
553 1584 665 1618 Ionici
711 1585 916 1629 ἀνακλώμενοι
962 1585 1075 1625 fiunt,
1130 1596 1253 1618 versus
1299 1585 1473 1619 divisione

233 1662 390 1694 metrum
412 1658 514 1695 facile
542 1659 635 1695 effici
659 1658 873 1704 iambicum,
895 1670 1002 1706 quem
1031 1659 1090 1694 hic
1114 1658 1379 1702 desideramus,
1394 1658 1472 1692 luce

232 1734 361 1768 clarius
372 1737 435 1768 est.
449 1734 942 1779 (vv—,>v—,v-—,——:
961 1753 1117 1767 xav—
1128 1760 1137 1778 ,
1153 1753 1318 1776 v—,v
1328 1753 1390 1776 ——-,
1402 1735 1470 1778 —)

234 1808 336 1851 Quod
369 1814 526 1844 metrum
550 1809 587 1844 in
607 1809 796 1844 commatis
823 1808 951 1855 prieris
979 1807 1160 1854 plerisque
1189 1806 1350 1843 versibus
1380 1806 1470 1842 obti-

234 1887 303 1918 net.
348 1885 592 1930 Anapaestus,
630 1885 667 1918 in
692 1895 762 1929 quo
794 1884 883 1917 arsis
916 1883 1131 1917 solutionem
1170 1883 1345 1928 permittit
1382 1893 1471 1916 non-

233 1970 417 2005 nunquam
443 1959 530 1994 solvi
555 1959 696 1993 videtur
720 1958 963 2004 (vv-vv)
986 1961 1026 1992 ut
1050 1969 1106 1992 vss
1133 1957 1203 2001 23,
1225 1956 1289 2001 48,
1313 1956 1383 2001 63,
1409 1956 1467 1991 70.

233 2033 448 2079 Obloquitur
471 2037 591 2067 tamen
619 2033 849 2066 Ahlwardtus
877 2035 907 2074 ¹,
933 2033 1029 2065 hisce
1067 2043 1153 2065 usus
1187 2031 1323 2066 verbis:
1353 2033 1466 2066 “nach

238 2108 404 2142 “meinen
423 2107 690 2149 Grundsatzen,
708 2107 765 2140 die
783 2106 838 2140 ich
856 2106 1080 2140 anderwarts
1096 2105 1313 2140 entwickeln
1329 2105 1467 2148 werde,

236 2182 337 2216 “zum
365 2181 555 2216 Nachtheil
580 2182 641 2215 des
658 2181 871 2227 Rythmus.⁷’
884 2181 1002 2221 Quare
1019 2181 1054 2213 in
1066 2181 1122 2214 his
1139 2183 1293 2225 quatuor
1307 2180 1467 2213 versibus

231 2257 483 2291 emendatione
510 2268 598 2302 opus
636 2267 713 2290 esse
750 2256 816 2301 ipsi
857 2255 974 2289 visum
1011 2257 1074 2288 est.
1116 2254 1232 2295 Quam
1263 2254 1331 2288 hoc
1359 2253 1465 2287 modo

232 2332 360 2366 afferre
384 2334 532 2366 conatus
547 2334 620 2365 est:
636 2330 788 2376 legendo
804 2341 852 2364 vs.
870 2329 936 2363 23:
958 2326 1053 2362 “Ubi
1071 2326 1274 2362 Maenades
1288 2330 1400 2374 caput
1429 2326 1467 2362 vi

269 2527 273 2544 ²
299 2523 348 2552 Ad
372 2531 416 2551 vs.
441 2523 497 2557 70,
519 2529 546 2556 p.
571 2521 617 2548 151.
