1892 3007
822 232 873 268 49

232 364 405 411 selingius
433 363 479 398 ad
507 362 666 398 Simsoni
694 361 911 404 chronicon,
940 360 1108 406 opinatus
1136 362 1259 393 tamen
1288 370 1308 393 e
1336 357 1492 393 Catullo'

233 438 418 488 Hyginum
452 438 698 474 narrationem
731 446 834 472 suam
867 435 1150 482 deprompsisse,
1173 437 1210 469 et
1232 433 1352 470 addit:
1385 433 1479 468 “nisi

237 516 421 552 “Catullus
450 514 713 550 Callimachum
741 513 927 556 vertisset,
955 523 1073 558 paene
1099 511 1258 545 dicerem
1285 510 1479 545 amatoria-

238 592 344 627 “rum
385 590 645 626 blanditiarum
686 589 747 623 hic
788 588 933 634 signum
977 598 1076 631 esse,
1120 597 1191 621 non
1235 586 1481 632 cognationis,

241 666 402 716 “fratri-⁹
438 666 611 702 verbum'’
632 667 657 700 ¹.
685 663 774 706 Sed,
803 666 844 698 ut
871 666 968 698 recte
997 663 1156 697 Bosscha
1186 662 1408 705 observavit,
1437 662 1483 696 ob

235 743 305 778 hoc
332 743 469 789 ipsum,
498 740 594 788 quod
624 739 785 775 Catullus
812 739 920 774 vertit
949 731 1231 781 Callimachum,
1249 737 1380 787 frater
1396 738 1430 772 h.
1459 737 1481 772 l.

237 830 309 854 non
338 818 455 864 potuit
482 828 504 852 a
531 820 637 863 poeta
665 815 804 861 vulgari
831 814 999 860 usurpari
1024 814 1301 860 significatione.
1330 813 1485 848 Abunde

238 895 336 930 enim
361 906 405 930 ex
420 894 553 930 Justini
567 893 751 929 uberrimo
767 891 975 927 testimonio
991 893 1108 938 patet,
1125 902 1197 926 nor.
1213 891 1323 926 fuisse
1339 889 1488 925 Bereni-

240 982 298 1006 ces
313 973 462 1006 fratrem
487 970 746 1005 Ptolemaeum.
777 966 848 1002 Sed
871 966 949 1012 jam
978 966 1127 1001 Foscolo
1156 971 1253 1001 recte
1282 967 1489 1005 annotavit,

240 1047 336 1094 apud
350 1046 495 1082 doctum
520 1044 691 1080 Ovidium
703 1044 873 1092 fratrem
894 1054 959 1090 pro
972 1042 1107 1091 fratre
1120 1041 1288 1090 patrueli
1311 1043 1488 1089 usurpari.

242 1123 283 1157 ld
319 1122 466 1157 doctum
503 1131 646 1167 quoque
682 1120 809 1155 fecisse
848 1118 1030 1154 Catullum
1058 1118 1156 1153 haud
1186 1117 1396 1153 incredibile
1424 1121 1488 1153 est.

243 1198 347 1240 Quod
376 1199 493 1244 ipsum
517 1196 595 1242 Jam
625 1196 662 1230 in
691 1195 882 1230 Forcellini
911 1195 1025 1229 lexico
1053 1194 1204 1240 legitur,
1244 1195 1265 1229 i.
1295 1207 1326 1229 v.
1337 1193 1490 1239 frater,

245 1274 307 1320 qui
336 1250 500 1319 exemplo
522 1282 543 1306 a
563 1270 712 1305 Foscolo
726 1270 834 1305 allato
849 1269 990 1304 addidit
1005 1269 1058 1314 id,
1075 1269 1171 1316 quod
1187 1268 1238 1304 Cl.
1256 1269 1415 1305 Bosscha
1431 1270 1494 1304 ad-

244 1348 387 1393 scripsit
420 1358 466 1381 ex
501 1345 603 1381 Ovid.
643 1345 789 1380 Metam.
829 1345 933 1388 XIII,
960 1344 1031 1388 31,
1060 1345 1122 1379 uhi
1153 1345 1245 1391 Ajax
1275 1357 1313 1380 se
1343 1345 1493 1380 Achillis

249 1406 398 1457 fratrem
436 1421 601 1468 appellat.
640 1419 768 1455 Melius
797 1421 894 1455 hunc
920 1420 1083 1456 vocabuli
1111 1432 1277 1465 sensum,
1306 1407 1325 1455 a
1356 1421 1495 1467 vulgari

247 1510 315 1533 usu
338 1509 484 1545 prorsus
508 1497 688 1540 alienum,
711 1495 954 1532 Callimacheo
978 1497 1131 1531 carmini
1155 1497 1369 1540 convenire,
1386 1507 1495 1543 quam

247 1585 331 1608 eum
356 1573 401 1608 de
425 1572 555 1619 quibus
579 1572 710 1607 deinde
725 1572 840 1607 multa
854 1572 1051 1618 disputavit
1068 1571 1119 1606 Cl.
1136 1572 1296 1607 Bosscha
1312 1572 1361 1618 (p.
1380 1571 1401 1606 7
1418 1572 1498 1618 sq),

249 1651 415 1696 opinatus
443 1648 576 1695 partim
604 1647 844 1683 blandimenti
882 1647 999 1693 gratia
1028 1648 1078 1682 ita
1093 1647 1243 1682 'dictum
1273 1659 1351 1683 esse
1381 1647 1501 1682 Ptole-

251 1735 417 1767 maeum,
447 1722 550 1758 facile
578 1722 804 1767 intelligitur.

306 1799 454 1845 Cetera,
481 1809 573 1844 quae
597 1798 733 1844 Hygini
757 1797 876 1833 verbis
901 1797 945 1832 de
969 1801 1115 1833 nostrae
1137 1798 1272 1844 elegiae
1287 1802 1502 1844 argumento

252 1873 466 1918 traduntur,
491 1885 512 1908 a
535 1872 781 1920 probabilibus
805 1872 977 1917 testibus,
1003 1872 1109 1920 (quos
1134 1874 1164 1908 si
1196 1873 1269 1918 vis,
1298 1873 1381 1909 vide
1409 1873 1504 1920 apud

253 1945 571 1996 Valckenaerium)
596 1949 869 1984 confirmantur.
896 1948 941 1982 Et
966 1948 1018 1983 sic
1036 1948 1114 1994 jam
1139 1949 1185 1984 ad
1211 1950 1325 1995 ipsam
1350 1949 1502 1995 elegiam

253 2024 525 2068 dijudicandum
546 2024 703 2059 transire
726 2024 869 2068 liceret,
895 2024 964 2058 nisi
993 2024 1063 2059 alia
1078 2023 1243 2070 Hyginus
1272 2025 1317 2059 de
1333 2025 1507 2060 Berenice

253 2099 481 2142 tradidisset,
520 2099 651 2144 quibus
670 2098 954 2144 praetermissis,
978 2099 1086 2133 simul
1111 2100 1250 2134 occasio
1279 2100 1508 2134 amitteretur

256 2173 566 2209 commemorandi
588 2173 919 2219 ingeniosissimam
943 2173 1093 2220 Hauptii
1117 2173 1383 2220 conjecturam,
1407 2174 1509 2220 cujus

256 2248 535 2283 fundamentum
551 2260 596 2283 ex
620 2248 697 2295 ipso
713 2247 854 2283 Catullo
871 2248 1082 2295 desumpsit.
1100 2248 1252 2284 Addidit
1266 2250 1364 2285 enim
1381 2250 1509 2285 eodem

295 2377 300 2393 ²
326 2374 364 2401 In
388 2373 497 2401 annot.
519 2372 560 2401 ad
582 2380 612 2408 p.
636 2374 715 2401 1174
745 2375 822 2406 (non
846 2374 881 2401 ut
903 2373 1046 2402 Bosscha
1067 2375 1196 2409 scripsit
1219 2376 1311 2410 1194)
1340 2375 1379 2403 ad
1400 2383 1515 2404 annum

252 2435 341 2465 3759.
377 2435 425 2463 Ea
447 2434 518 2471 ipsa
541 2434 659 2470 pagina
682 2434 848 2464 Simsonus
870 2437 979 2464 narrat
1000 2435 1235 2475 expeditionem
1259 2437 1455 2474 Ptolemaei,
1479 2438 1518 2466 de

254 2504 317 2533 qua
340 2497 373 2525 in
397 2497 517 2525 Catulli
546 2497 651 2533 elegia
680 2505 783 2526 sermo
809 2499 876 2535 est,
894 2498 961 2532 jam
982 2498 1154 2527 indicatam
1177 2506 1248 2527 esse
1270 2506 1289 2527 a
1308 2499 1461 2536 Daniele,
1485 2501 1519 2528 C.

254 2559 319 2588 XI!

1465 2619 1489 2655 4
