2523 3629
1207 363 1257 395 69

781 486 988 524 ⁵⁴1⁷remulos‚
1014 485 1102 527 qnod
1123 496 1194 517 esse
1222 485 1332 518 Gallis
1357 485 1484 518 habile-⁹
1506 488 1632 526 putant
1656 484 1765 517 modos

780 555 910 585 “Sonat
934 553 994 585 hoc
1019 553 1153 585 subinde
1177 547 1295 585 cantui?
1325 553 1506 595 queleium
1531 564 1639 585 nemus

780 622 991 663 “Nomenque
1019 621 1216 653 Galliambis
1243 625 1439 654 memoratur
1466 621 1542 654 ltine
1567 620 1697 653 datunf’
1717 619 1736 652 ¹.

668 711 832 757 “Recipit
859 713 918 747 hic
946 723 1069 747 versus
1097 712 1164 747 sub
1188 712 1255 746 alia
1281 713 1510 757 percussione
1534 716 1767 758 anapaestum
1792 717 1853 746 aut

613 786 857 830 “spondaeum
894 787 930 819 in
965 786 1081 831 prima
1108 786 1211 829 sede,
1251 786 1381 820 dehinc
1419 786 1508 819 duos
1547 786 1704 828 iambos,
1743 786 1853 820 inter-

614 860 721 894 “dum
751 864 786 894 et
814 860 1032 906 tribrachyn.
1063 860 1159 894 Nam
1187 860 1375 906 superfluit
1404 862 1479 894 tam
1508 860 1543 893 in
1569 860 1656 902 hoc,
1681 870 1788 905 quam
1815 859 1851 893 in

613 934 799 979 “sequenti
835 934 910 968 colo
948 945 1222 979 nonnumquam
1260 934 1462 978 semipede,
1501 934 1536 966 id
1576 937 1629 967 est
1667 944 1739 966 una
1781 931 1851 978 sylss

612 1008 733 1051 “laba,
772 1007 867 1054 quod
895 1008 997 1042 colon
1026 1019 1069 1042 ex
1098 1008 1283 1054 par-iambo
1313 1011 1348 1041 et
1375 1008 1450 1041 basi
1481 1008 1662 1042 trochaica
1692 1011 1754 1041 aut
1783 1008 1847 1041 tri-

613 1082 769 1128 “brachy
798 1082 1009 1117 constabit.''

667 1155 765 1191 Idem
796 1158 968 1191 rursus²:
1008 1155 1239 1191 “Memineris
1278 1167 1364 1191 sane
1407 1155 1609 1202 trisyllabos
1649 1159 1851 1203 temporum

611 1232 823 1265 “dumtaxat
847 1231 1006 1276 quinque
1030 1231 1083 1271 vel
1100 1242 1162 1265 sex
1174 1258 1182 1274 ,
1198 1233 1239 1265 ut
1253 1234 1308 1265 est
1322 1229 1492 1265 bacchius
1508 1232 1543 1265 et
1559 1230 1733 1265 molossus
1744 1258 1753 1273 ‚
1769 1242 1850 1264 cum

612 1306 670 1339 “in
696 1304 910 1350 quibusdam
936 1304 1061 1339 metris
1075 1305 1168 1339 sicut
1193 1305 1229 1339 in
1255 1303 1489 1339 Galliambico
1514 1304 1641 1350 longae
1664 1305 1851 1339 solvuntur

612 1380 670 1413 “in
699 1379 844 1421 breves,
873 1379 946 1413 vim
974 1377 1288 1424 tetrasyllaborum
1318 1378 1515 1413 obtinere'’.

664 1452 809 1488 Atilius
833 1452 1130 1488 Fortunatianus
1154 1452 1292 1488 duobus
1318 1453 1403 1488 locis
1428 1453 1472 1487 de
1497 1452 1707 1487 Galliambis
1723 1454 1851 1488 memi-

611 1529 682 1572 nit,
720 1532 755 1563 et
784 1528 896 1563 altero
925 1528 1071 1574 quidem
1102 1528 1169 1563 hoc
1197 1528 1303 1562 modo
1320 1530 1344 1562 ³.
1377 1527 1463 1562 “Est
1492 1531 1527 1562 et
1565 1528 1661 1563 aliud
1699 1539 1743 1562 ex
1782 1530 1849 1563 hoc

610 1606 747 1637 “metro
785 1603 922 1646 ionico,
964 1602 1059 1647 quod
1106 1601 1331 1637 Galliambon
1376 1602 1526 1646 dicitur,
1565 1603 1660 1648 quod
1700 1603 1736 1636 in
1780 1603 1850 1637 fine

609 1678 843 1723 “degenerat,
896 1677 1088 1722 quominus
1139 1677 1321 1722 integrum
1387 1677 1543 1711 ionicum
1595 1682 1645 1713 ἀπ’
1684 1682 1850 1718 ἐλάσσονος

612 1752 761 1786 “saciat:

725 1832 954 1866 “Miserarum
978 1836 1030 1865 est
1054 1842 1155 1875 neque
1180 1831 1285 1865 amori
1309 1832 1391 1865 dare
1408 1832 1524 1875 possit
1549 1832 1724 1866 remedia''.

761 1890 875 1902 vv—
933 1896 1003 1900 -—
1056 1890 1089 1901 V
1146 1890 1179 1900 Na
1204 1890 1379 1901 ——-—-5aev
1414 1897 1452 1900 -.
1475 1895 1513 1899 —-
1538 1891 1691 1901 νκ-κνν

663 1952 785 1986 Altero
797 1952 871 1986 loco
884 1951 996 1985 multo
1007 1950 1152 1985 uberius
1163 1951 1207 1985 de
1223 1951 1290 1985 hoc
1306 1953 1421 1985 metro
1437 1950 1632 1996 disputavit
1644 1953 1669 1993 ⁴3
1686 1951 1734 1985 ibi
1750 1952 1847 1986 enim

608 2027 738 2072 legitur
748 2027 837 2060 haec
851 2026 1073 2072 disquisitio:
1087 2024 1163 2059 “Ex
1180 2026 1248 2060 hoc
1262 2026 1422 2060 nascitur
1438 2025 1680 2070 Galliambus,
1696 2027 1847 2072 repetito

608 2102 698 2135 “hoc
736 2104 851 2135 metro
867 2104 878 2121 ⁴
891 2128 899 2143 ,
937 2101 999 2135 sed
1031 2112 1104 2134 una
1133 2100 1268 2146 syllaba
1297 2100 1457 2135 detracta
1469 2128 1477 2143 ,
1507 2104 1546 2135 ut
1574 2100 1705 2135 habeat
1737 2102 1845 2136 seini-

609 2176 759 2222 “pedem
788 2176 1005 2219 clausulam,
1036 2176 1141 2221 quale
1171 2179 1224 2210 est
1253 2176 1339 2210 hoc:

644 2318 649 2334 ¹
675 2315 736 2342 Lib
761 2315 777 2342 1
801 2322 868 2349 cap.
894 2316 949 2350 11,
971 2316 988 2349 ξ
1012 2316 1059 2342 35.

639 2378 650 2396 ’3
673 2377 750 2403 Part
783 2377 834 2410 ΙΙ,
857 2384 883 2404 c.
908 2378 944 2404 16
966 2377 983 2410 ἓ
1007 2377 1033 2403 2.
1058 2377 1224 2410 (stamford,
1250 2385 1277 2411 p.
1306 2378 1372 2404 346.

639 2442 650 2458 ³
674 2440 759 2467 Part.
784 2438 816 2472 Ι,
837 2445 863 2466 c.
886 2439 903 2466 4
925 2438 941 2473 ἓ
967 2439 1000 2466 17
1026 2446 1094 2473 sqq.
1118 2438 1284 2472 Gaisfoffl,
1307 2446 1334 2473 p.
1360 2438 1418 2465 319
1441 2446 1487 2473 sq.

638 2504 649 2521 ⁴
673 2501 823 2536 Repetito
854 2508 966 2536 nempe
990 2501 1212 2528 Anacreonteo
1244 2501 1362 2535 metro,
1396 2502 1467 2528 octo
1498 2500 1689 2536 syllabarum
1715 2500 1847 2529 iambico

698 2565 737 2593 ab
761 2565 933 2600 anapaesto
953 2563 1147 2599 incipiente,
1170 2565 1205 2591 ut
1227 2564 1292 2591 est:

898 2625 1070 2663 “Lepidum
1093 2635 1198 2653 novum
1221 2625 1385 2653 libellum*
1408 2627 1445 2653 cf.
1470 2626 1488 2653 l.
1512 2626 1530 2653 l.
1554 2627 1571 2661 ξ
1596 2627 1641 2653 16.

932 2678 1043 2688 vv—
1111 2677 1187 2686 ν-
1242 2678 1355 2687 κι---ν
