1892 3007
869 214 921 249 15

316 339 416 382 Quae
452 352 535 376 cum
571 341 622 376 ita
650 341 742 386 sint,
772 341 904 377 durum
940 341 1089 387 quidem
1125 340 1189 376 sed
1226 352 1352 376 verum
1390 341 1507 376 Vossii

256 415 434 461 judicium
471 417 516 452 de
553 416 727 463 Scaligeri
760 417 1003 463 disputatione
1030 417 1188 452 videtur:
1223 416 1283 452 “in
1314 420 1386 463 qua
1415 417 1507 452 nihil

260 492 409 527 omnino
436 495 507 536 est,
537 491 634 539 quod
661 503 735 527 non
765 491 893 527 melius
920 492 968 527 sit
995 492 1170 535 tacuisse3
1199 503 1288 527 sane
1317 504 1364 527 ne
1393 492 1506 528 semel

261 567 408 613 quidem
435 578 584 614 scopum
609 567 764 613 attigit.”

314 640 386 677 Sed
409 642 577 678 refutatio
601 645 724 678 nostra
756 653 799 678 eo
828 642 974 687 nititur,
999 642 1095 689 quod
1126 643 1331 690 posuimus:
1359 654 1506 678 carmen

261 716 312 751 29
335 717 509 763 scriptum
540 728 620 753 esse
646 720 732 752 ante
758 721 915 752 mortem
943 717 1059 752 Juliae
1087 721 1124 752 et
1151 729 1274 753 socero
1300 729 1507 764 generoque

258 795 413 839 poetam,
439 792 631 829 Caesarem
668 792 954 841 Pompejumque
990 793 1179 829 mdicasse.
1218 792 1322 836 Quod
1350 794 1400 829 ita
1428 805 1507 829 sese

258 867 393 904 habere
427 868 507 903 luce
544 868 674 903 clarius
717 868 897 917 Hauptius
943 869 1216 904 demonstravit.
1236 872 1245 890 ¹
1293 869 1410 904 Fuere
1454 869 1508 915 (et

258 942 354 979 inter
375 954 436 978 eos
460 943 645 990 Vossius),
669 944 731 990 qui
755 944 961 990 putaverint
989 955 1031 980 ea
1061 943 1171 980 verba
1194 955 1304 979 sensu
1328 944 1506 980 obscoeno

258 1017 303 1051 de
331 1017 485 1052 Caesare
511 1021 548 1052 et
576 1017 761 1053 Mamurra
788 1030 867 1053 esse
896 1019 1140 1064 intelligenda.
1157 1020 1170 1040 ²
1201 1019 1339 1064 Injuria
1362 1023 1507 1062 tamen3

257 1103 332 1127 non
360 1093 456 1127 enim
485 1093 633 1128 credere
659 1105 748 1140 opus
776 1096 850 1138 est,
871 1094 941 1129 hoc
968 1093 1045 1128 loco
1070 1093 1252 1129 Catullum
1276 1105 1298 1129 a
1321 1096 1507 1129 communi

256 1166 399 1203 dicendi
415 1178 482 1203 usu
496 1167 638 1203 abiisse.
654 1167 771 1203 Immo
786 1167 833 1204 ab
847 1168 891 1203 iis
903 1196 912 1212 ‚
937 1179 1031 1215 quae
1046 1168 1083 1203 in
1098 1168 1174 1215 ipso
1190 1168 1329 1216 reliquo
1345 1170 1507 1205 carmine

256 1242 441 1291 leguntur,
456 1243 628 1279 abhorret
643 1244 760 1279 Vossii
776 1244 976 1290 explicatio.
993 1243 1072 1285 Quo
1089 1244 1188 1279 enim
1202 1247 1307 1291 pacto
1323 1244 1505 1290 explican-

257 1318 324 1354 dus
339 1322 434 1354 esset
448 1331 498 1355 vs.
516 1319 562 1354 21
578 1331 585 1355 :
608 1319 718 1367 “quid
740 1320 838 1355 hunc
860 1319 998 1355 malum
1013 1319 1140 1355 fovetis
1151 1318 1191 1353 ‘2”
1208 1319 1277 1355 nisi
1291 1319 1337 1355 de
1352 1318 1507 1355 Caesare

256 1396 293 1428 et
322 1393 493 1441 Pompejo
528 1394 747 1441 intellegas?
781 1394 819 1430 Si
852 1398 976 1430 autem
1013 1405 1115 1430 socer
1152 1405 1335 1440 generque
1374 1393 1508 1429 Caesar

260 1469 527 1517 Pompejusque
563 1474 668 1514 sunt,
693 1470 772 1506 fieri
799 1482 872 1506 non
901 1473 1039 1517 potest,
1067 1472 1111 1505 ut
1139 1481 1213 1505 non
1237 1472 1322 1504 ante
1350 1472 1506 1505 mortem

255 1540 391 1590 Juliae,
419 1545 531 1591 igitur
558 1548 644 1580 ante
673 1548 769 1581 ortas
805 1556 950 1592 quoque
978 1545 1188 1580 inimicitias
1216 1545 1313 1579 inter
1341 1556 1507 1580 socerum

255 1631 502 1667 generumque
526 1621 596 1656 hoc
619 1632 766 1656 carmen
795 1621 1000 1656 confectum
1029 1621 1085 1655 sit.
1112 1620 1247 1666 Aperte
1263 1620 1360 1655 enim
1378 1619 1504 1655 Cicero

256 1699 431 1741 testatur,
455 1699 537 1742 post
560 1699 717 1731 mortem
735 1696 881 1740 uxoris,
896 1695 1007 1742 hujus
1017 1695 1112 1742 patri
1127 1706 1200 1729 non
1219 1694 1373 1741 amplius
1388 1696 1503 1730 soceri

255 1783 389 1806 nomen
416 1782 514 1807 esse:
543 1771 703 1806 “ademit
730 1770 863 1806 Albino
892 1771 1006 1805 soceri
1029 1781 1163 1805 nomen
1186 1780 1286 1804 mors
1310 1769 1427 1804 filiae''
1454 1770 1506 1804 ait

254 1847 335 1895 (pro
357 1846 476 1883 Sestio
492 1858 520 1883 c.
537 1847 608 1895 3.)‚
625 1845 665 1889 Q.
682 1846 843 1882 Mucium
867 1846 956 1881 dicit
980 1856 1147 1881 socerum
1160 1843 1293 1894 fuisse
1316 1844 1355 1880 L.
1382 1843 1502 1881 Crassi

254 1923 316 1969 (de
331 1922 391 1959 Or.
409 1923 443 1967 Ι,
471 1922 504 1958 7.
529 1922 620 1969 24).
637 1925 651 1944 ⁸
678 1922 811 1957 Poetae
836 1932 1115 1968 nonnumquam
1143 1920 1189 1955 ab
1220 1921 1290 1955 hac
1310 1924 1502 1956 consuetu·

251 1998 337 2033 dine
364 1998 557 2050 recedunt;
593 1998 647 2033 sic
679 1997 859 2043 Vergilius
886 1997 985 2032 hunc
1022 1997 1140 2043 ipsum
1170 1995 1385 2042 Pompejum
1420 1998 1501 2042 post

252 2077 371 2109 ortum
396 2074 531 2109 bellum
559 2073 663 2108 civile
694 2072 858 2108 Caesaris
882 2083 1057 2118 generum
1082 2072 1169 2106 dicit
1194 2070 1301 2117 (Aen.
1319 2070 1343 2105 6
1358 2097 1367 2114 ,
1384 2069 1499 2117 828),

251 2149 315 2185 sed
338 2149 408 2184 nisi
431 2149 628 2184 admodum
653 2148 773 2195 gravis
796 2147 891 2183 adsit
914 2158 1061 2191 caussa,
1086 2157 1159 2181 non
1184 2146 1393 2193 perfugium
1418 2145 1502 2180 licet

251 2236 427 2271 quaerere
453 2224 499 2259 ad
526 2224 727 2270 poeticam,
756 2234 867 2269 quam
904 2223 1049 2265 dicunt,
1084 2222 1291 2263 licentiam;
1335 2221 1498 2264 “nunc‚'’

248 2303 291 2336 ut
320 2288 499 2347 Hauptius
526 2299 632 2345 dicit,
664 2298 769 2334 “cum
798 2298 921 2333 omnia
948 2297 1107 2333 clament
1134 2297 1309 2344 scriptum
1325 2308 1404 2332 esse
1429 2296 1498 2332 hoc

299 2413 304 2430 ¹
329 2410 367 2446 Q.
391 2410 427 2439 C.
449 2417 482 2445 p.
508 2411 556 2438 16.

294 2474 306 2493 2
327 2472 464 2501 Vossius
485 2472 525 2500 ad
549 2471 619 2500 Cat.
644 2479 672 2506 p.
696 2471 744 2499 75.

295 2536 307 2555 ³
332 2534 450 2569 Haupt.
472 2534 509 2569 Q.
534 2533 570 2561 C.
594 2533 613 2560 Ι.
637 2533 656 2561 1.
