1892 3007
843 272 894 307 33

244 397 283 431 in
305 398 429 443 paucis
448 400 591 433 tantum
615 397 694 444 ejus
718 397 930 445 aequalibus
953 401 1052 441 erat;
1080 401 1206 433 contra
1229 397 1299 432 alia
1323 397 1489 439 fuerunt,

244 470 282 506 in
318 472 449 519 quibus
484 475 591 519 poeta
613 483 774 519 prorsus
810 473 965 520 tempori
993 484 1058 508 suo
1089 473 1244 508 eederet.
1275 471 1358 507 Non
1386 472 1485 506 enim

243 546 373 582 similis
416 550 495 583 erat
536 548 738 594 priscorum
780 547 925 583 illorum
954 547 1225 592 Romanorum,
1251 546 1369 582 bonae
1396 547 1491 592 frugi

243 621 423 669 virorum,
443 622 629 668 castitate,
652 623 894 670 parsimonia,
923 623 1117 659 severitate
1145 623 1364 669 insignium,
1379 634 1490 670 quos,

242 708 465 744 quamquam
489 698 614 734 multis
640 699 686 734 de
714 699 830 734 causis
861 710 954 743 non,
979 702 1021 733 ut
1048 710 1154 746 saepe
1183 700 1318 734 factum
1343 701 1418 743 est,
1442 698 1489 732 ad

242 772 380 808 coelum
405 772 582 809 tollendos
606 785 714 809 nemo
739 776 836 809 certe
850 774 1023 809 admirari
1037 774 1197 818 desinet,
1215 772 1467 809 Romanorum
1480 801 1489 817 ,

241 848 412 894 inquam,
442 859 597 894 quorum
624 849 824 895 imaginem
852 849 984 884 Catulli
1007 852 1169 896 tempore
1193 850 1327 884 referre
1351 848 1490 883 studuit

242 926 278 958 et
300 933 577 971 nonnumquam
601 923 725 959 retulit
752 923 851 960 Cato.
884 922 1044 960 Catullus
1073 924 1317 971 voluptatibus
1346 923 1489 959 deditus

240 1001 338 1044 erat,
363 1010 430 1034 nec
450 1000 505 1034 uti
518 1000 663 1046 proavi,
680 999 743 1046 qui
759 1010 802 1035 eo
816 1011 932 1047 usque
946 999 1164 1047 reipublicae
1180 999 1357 1035 inservire
1371 999 1488 1046 parati

240 1078 363 1119 erant,
386 1078 428 1110 ut
454 1075 690 1111 matrimonia
713 1075 848 1111 inirent
867 1075 1065 1111 liberorum
1086 1075 1271 1121 justorum
1295 1086 1489 1121 procrean-

240 1149 370 1185 dorum
394 1160 538 1194 caussa,
561 1152 661 1186 easte
684 1161 768 1185 cum
792 1153 891 1185 casta
909 1161 1024 1185 uxore
1039 1150 1151 1185 vitam
1166 1150 1284 1196 degit,
1299 1150 1364 1185 sed
1378 1160 1487 1196 vagos

241 1226 403 1261 exercuit
418 1237 572 1271 amores,
595 1237 715 1273 neque
728 1229 832 1262 tanto
847 1226 976 1262 melior
994 1226 1207 1273 aequalibus
1221 1226 1308 1270 fuit,
1332 1229 1374 1260 ut
1387 1225 1489 1260 adul-

240 1301 343 1336 teriis
369 1300 578 1337 abstineret.

294 1376 333 1412 Si
355 1388 480 1413 verum
495 1381 569 1423 est,
585 1378 682 1424 quod
695 1389 822 1413 verum
837 1390 916 1413 esse
931 1378 1101 1425 equidem
1116 1378 1222 1413 credo
1232 1405 1241 1422 ,
1256 1378 1487 1413 uniuscuius-

244 1463 314 1499 que
335 1453 465 1488 aetatis
484 1452 644 1489 indolem
666 1453 802 1500 optime
816 1453 852 1488 in
869 1453 999 1488 litteris
1016 1453 1194 1500 conspici,
1208 1453 1304 1488 hanc
1318 1453 1486 1489 ultimam

239 1528 374 1563 liberae
398 1528 587 1564 Romanae
608 1528 828 1575 reipublicae
852 1531 1010 1564 aetatem
1029 1529 1108 1564 sine
1119 1529 1192 1563 ullo
1208 1530 1341 1563 mentis
1355 1529 1487 1574 animi—

240 1614 310 1650 que
330 1603 454 1651 vigore
473 1603 602 1649 fuisse,
617 1614 662 1639 ex
682 1603 887 1640 litterarum
909 1615 1063 1651 genere,
1079 1603 1176 1651 quod
1197 1604 1234 1639 in
1250 1615 1292 1640 ea
1308 1604 1487 1651 imprimis

238 1679 410 1724 florebat,
438 1679 562 1724 facile,
600 1680 747 1726 opinor,
777 1680 895 1726 colligi
933 1683 1061 1727 potest.
1101 1680 1275 1716 Doctrina
1312 1680 1411 1715 enim
1449 1680 1485 1714 in

239 1755 377 1802 ingenii
404 1755 524 1792 locum
552 1754 748 1792 substituta
775 1759 864 1791 erat.
891 1755 1045 1792 Perraro
1068 1756 1200 1791 accidit
1231 1767 1273 1791 eo
1303 1758 1505 1803 tempore,-

238 1833 279 1864 ut
305 1833 411 1877 poeta
435 1833 588 1866 naturae
612 1831 743 1866 cedens
767 1831 956 1877 impulsui,
984 1831 1098 1865 animi
1123 1834 1244 1866 motus
1262 1830 1485 1866 carminibus

239 1906 478 1953 exprimeret,
501 1916 680 1952 perpauca
704 1908 793 1941 tunc
813 1906 975 1942 carmina
990 1917 1035 1941 ex
1050 1902 1124 1941 imo
1138 1909 1328 1953 poetarum
1342 1909 1487 1953 pectore

238 1980 509 2027 profluxerunt,
534 1984 572 2015 at
594 1981 760 2027 plerique
780 1980 977 2016 multorum
992 1985 1181 2027 poetarum
1205 1993 1330 2016 versus
1344 1981 1485 2025 labore,

237 2054 445 2102 diligentia,
460 2055 592 2103 vigiliis
608 2055 885 2102 effingebantur.
900 2054 963 2092 Sic
978 2055 1109 2091 Catulli
1125 2057 1264 2092 amicus
1280 2054 1318 2092 C.
1336 2055 1486 2092 Hel-vius

238 2130 355 2167 Cinna
391 2142 522 2167 novem
548 2142 613 2178 per
647 2142 762 2167 annos
799 2131 998 2168 elaboravit
1024 2143 1153 2178 poema
1180 2131 1283 2168 haud.
1307 2132 1357 2167 ita
1385 2143 1486 2179 mag-

238 2218 347 2252 num,
384 2210 423 2242 at
460 2207 649 2254 multiplici
687 2210 724 2243 et
751 2207 851 2243 varia
879 2208 1043 2243 doctrina
1071 2208 1266 2251 refertum
1296 2207 1485 2252 Horatius,

237 2292 460 2328 quamquam
485 2283 562 2328 ipse
585 2293 658 2317 non
683 2293 845 2329 semper,
870 2285 907 2317 et
930 2286 1027 2317 recte
1051 2282 1218 2329 quidem,
1242 2283 1279 2317 id
1295 2283 1483 2318 consilium

235 2359 380 2393 secutus
390 2384 399 2402 ‚
410 2368 485 2393 non
499 2357 549 2392 ita
564 2357 627 2393 diu
637 2360 718 2404 post
727 2357 841 2393 suasit
850 2386 860 2402 ‚
874 2361 916 2393 ut
931 2358 1172 2405 quodcunque
1183 2369 1330 2394 carmen
1346 2370 1483 2394 nonum

231 2519 507 2556 “angesehensten
543 2521 677 2549 Manner
712 2522 770 2550 der
797 2521 938 2550 Provinz
969 2529 1119 2556 gewesen
1153 2522 1239 2558 sein,
1276 2529 1311 2549 er
1339 2528 1409 2549 war
1440 2522 1490 2549 ein

229 2581 424 2612 Gastfteund
453 2580 600 2611 Oasars.”
