<?xml version="1.0" encoding="UTF-8"?>
<!DOCTYPE html PUBLIC "-//W3C//DTD XHTML 1.0 Transitional//EN"
    "http://www.w3.org/TR/xhtml1/DTD/xhtml1-transitional.dtd">
<html xmlns="http://www.w3.org/1999/xhtml" xml:lang="en" lang="en">
 <head>
  <title>
</title>
<meta http-equiv="Content-Type" content="text/html;charset=utf-8" />
  <meta name='ocr-system' content='tesseract 3.04.00' />
  <meta name='ocr-capabilities' content='ocr_page ocr_carea ocr_par ocr_line ocrx_word'/>
</head>
<body>
  <div class='ocr_page' id='page_1' title='image "./4738081_0028.png"; bbox 0 0 1892 3007; ppageno 0'>
   <div class='ocr_carea' id='block_1_1' title="bbox 226 2400 370 2404">
    <p class='ocr_par' dir='ltr' id='par_1_1' title="bbox 226 2400 370 2404">
     <span class='ocr_line' id='line_1_1' title="bbox 226 2400 370 2404; baseline 0 0"><span class='ocrx_word' id='word_1_1' title='bbox 226 2400 370 2404; x_wconf 95' lang='lat' dir='ltr'> </span> 
     </span>
    </p>
   </div>
   <div class='ocr_carea' id='block_1_2' title="bbox 860 232 884 267">
    <p class='ocr_par' dir='ltr' id='par_1_2' title="bbox 860 232 884 267">
     <span class='ocr_line' id='line_1_2' title="bbox 860 232 884 267; baseline 0 0"><span class='ocrx_word' id='word_1_2' title='bbox 860 232 884 267; x_wconf 87' lang='lat'>9</span> 
     </span>
    </p>
   </div>
   <div class='ocr_carea' id='block_1_3' title="bbox 241 358 1488 403">
    <p class='ocr_par' dir='ltr' id='par_1_3' title="bbox 241 358 1488 403">
     <span class='ocr_line' id='line_1_3' title="bbox 241 358 1488 403; baseline -0.002 -8"><span class='ocrx_word' id='word_1_3' title='bbox 241 359 286 395; x_wconf 91' lang='lat' dir='ltr'>de</span> <span class='ocrx_word' id='word_1_4' title='bbox 313 371 353 395; x_wconf 87' lang='lat' dir='ltr'>re</span> <span class='ocrx_word' id='word_1_5' title='bbox 378 359 451 395; x_wconf 88' lang='lat' dir='ltr'>ulla</span> <span class='ocrx_word' id='word_1_6' title='bbox 478 370 557 395; x_wconf 83' lang='lat' dir='ltr'>esse</span> <span class='ocrx_word' id='word_1_7' title='bbox 583 359 781 403; x_wconf 79' lang='lat' dir='ltr'>dubitatio,</span> <span class='ocrx_word' id='word_1_8' title='bbox 808 370 894 395; x_wconf 90' lang='lat' dir='ltr'>cum</span> <span class='ocrx_word' id='word_1_9' title='bbox 921 359 1083 394; x_wconf 78' lang='lat' dir='ltr'><strong>carmine</strong></span> <span class='ocrx_word' id='word_1_10' title='bbox 1113 358 1178 394; x_wconf 91' lang='lat' dir='ltr'>LII</span> <span class='ocrx_word' id='word_1_11' title='bbox 1208 358 1370 394; x_wconf 78' lang='lat' dir='ltr'>Catullus</span> <span class='ocrx_word' id='word_1_12' title='bbox 1401 369 1488 393; x_wconf 90' lang='lat' dir='ltr'>con-</span> 
     </span>
    </p>
   </div>
   <div class='ocr_carea' id='block_1_4' title="bbox 240 434 876 471">
    <p class='ocr_par' dir='ltr' id='par_1_4' title="bbox 240 434 876 471">
     <span class='ocr_line' id='line_1_4' title="bbox 240 434 876 471; baseline -0.002 -1"><span class='ocrx_word' id='word_1_13' title='bbox 240 435 400 471; x_wconf 89' lang='lat' dir='ltr'>sulatum</span> <span class='ocrx_word' id='word_1_14' title='bbox 426 434 562 470; x_wconf 83' lang='lat' dir='ltr'>Vatinii</span> <span class='ocrx_word' id='word_1_15' title='bbox 596 437 876 470; x_wconf 87' lang='lat' dir='ltr'>commemoret:</span> 
     </span>
    </p>
   </div>
   <div class='ocr_carea' id='block_1_5' title="bbox 457 543 1224 768">
    <p class='ocr_par' dir='ltr' id='par_1_5' title="bbox 457 543 1204 704">
     <span class='ocr_line' id='line_1_5' title="bbox 457 543 1204 581; baseline -0.001 -8"><span class='ocrx_word' id='word_1_16' title='bbox 457 544 541 581; x_wconf 82' lang='lat' dir='ltr'>Quid</span> <span class='ocrx_word' id='word_1_17' title='bbox 562 545 628 581; x_wconf 80' lang='lat' dir='ltr'>est,</span> <span class='ocrx_word' id='word_1_18' title='bbox 652 544 797 581; x_wconf 77' lang='lat' dir='ltr'>Catulle,</span> <span class='ocrx_word' id='word_1_19' title='bbox 819 543 896 580; x_wconf 83' lang='lat' dir='ltr'>quid</span> <span class='ocrx_word' id='word_1_20' title='bbox 918 544 1050 573; x_wconf 78' lang='lat' dir='ltr'>moraris</span> <span class='ocrx_word' id='word_1_21' title='bbox 1074 544 1204 573; x_wconf 77' lang='lat' dir='ltr'>emori?</span> 
     </span>
     <span class='ocr_line' id='line_1_6' title="bbox 457 605 1166 644; baseline 0 -8"><span class='ocrx_word' id='word_1_22' title='bbox 457 607 544 637; x_wconf 82' lang='lat' dir='ltr'>Sella</span> <span class='ocrx_word' id='word_1_23' title='bbox 564 607 597 635; x_wconf 87' lang='lat' dir='ltr'>in</span> <span class='ocrx_word' id='word_1_24' title='bbox 619 606 722 636; x_wconf 85' lang='lat' dir='ltr'>curuli</span> <span class='ocrx_word' id='word_1_25' title='bbox 744 605 874 636; x_wconf 74' lang='lat' dir='ltr'>Struma</span> <span class='ocrx_word' id='word_1_26' title='bbox 906 606 1030 636; x_wconf 76' lang='lat' dir='ltr'>Nonius</span> <span class='ocrx_word' id='word_1_27' title='bbox 1054 606 1166 644; x_wconf 80' lang='lat' dir='ltr'>sedet,</span> 
     </span>
     <span class='ocr_line' id='line_1_7' title="bbox 457 668 1083 704; baseline -0.002 -7"><span class='ocrx_word' id='word_1_28' title='bbox 457 669 521 698; x_wconf 85' lang='lat' dir='ltr'>Per</span> <span class='ocrx_word' id='word_1_29' title='bbox 541 669 742 698; x_wconf 76' lang='lat' dir='ltr'>consulatum</span> <span class='ocrx_word' id='word_1_30' title='bbox 763 668 889 704; x_wconf 78' lang='lat' dir='ltr'>pejerat</span> <span class='ocrx_word' id='word_1_31' title='bbox 912 668 1083 697; x_wconf 76' lang='lat' dir='ltr'>Vatinius:</span> 
     </span>
    </p>

    <p class='ocr_par' dir='ltr' id='par_1_6' title="bbox 457 729 1224 768">
     <span class='ocr_line' id='line_1_8' title="bbox 457 729 1224 768; baseline -0.001 -8"><span class='ocrx_word' id='word_1_32' title='bbox 457 730 542 768; x_wconf 79' lang='lat' dir='ltr'>Quid</span> <span class='ocrx_word' id='word_1_33' title='bbox 565 731 630 767; x_wconf 79' lang='lat' dir='ltr'>est,</span> <span class='ocrx_word' id='word_1_34' title='bbox 653 730 799 768; x_wconf 79' lang='lat' dir='ltr'>Catulle,</span> <span class='ocrx_word' id='word_1_35' title='bbox 821 730 897 767; x_wconf 83' lang='lat' dir='ltr'>quid</span> <span class='ocrx_word' id='word_1_36' title='bbox 918 730 1055 760; x_wconf 78' lang='lat' dir='ltr'>moraris</span> <span class='ocrx_word' id='word_1_37' title='bbox 1078 729 1224 760; x_wconf 81' lang='lat' dir='ltr'>emori?&#39;&#39;</span> 
     </span>
    </p>
   </div>
   <div class='ocr_carea' id='block_1_6' title="bbox 243 824 1501 2295">
    <p class='ocr_par' dir='ltr' id='par_1_7' title="bbox 243 824 1500 1693">
     <span class='ocr_line' id='line_1_9' title="bbox 297 824 1491 872; baseline -0.001 -11"><span class='ocrx_word' id='word_1_38' title='bbox 297 825 353 861; x_wconf 83' lang='lat' dir='ltr'>Ex</span> <span class='ocrx_word' id='word_1_39' title='bbox 388 826 491 861; x_wconf 86' lang='lat' dir='ltr'>fastis</span> <span class='ocrx_word' id='word_1_40' title='bbox 528 828 653 860; x_wconf 86' lang='lat' dir='ltr'>autem</span> <span class='ocrx_word' id='word_1_41' title='bbox 689 825 939 861; x_wconf 83' lang='lat' dir='ltr'>consularibus</span> <span class='ocrx_word' id='word_1_42' title='bbox 968 828 1118 872; x_wconf 87' lang='lat' dir='ltr'>apparet</span> <span class='ocrx_word' id='word_1_43' title='bbox 1148 836 1244 860; x_wconf 83' lang='lat' dir='ltr'>anno</span> <span class='ocrx_word' id='word_1_44' title='bbox 1275 824 1352 860; x_wconf 81' lang='lat'>706</span> <span class='ocrx_word' id='word_1_45' title='bbox 1381 826 1422 861; x_wconf 93' lang='lat' dir='ltr'>U.</span> <span class='ocrx_word' id='word_1_46' title='bbox 1454 825 1491 860; x_wconf 90' lang='lat' dir='ltr'>C.</span> 
     </span>
     <span class='ocr_line' id='line_1_10' title="bbox 244 899 1497 945; baseline -0.001 -8"><span class='ocrx_word' id='word_1_47' title='bbox 244 901 283 937; x_wconf 89' lang='lat' dir='ltr'>C.</span> <span class='ocrx_word' id='word_1_48' title='bbox 298 900 434 937; x_wconf 84' lang='lat' dir='ltr'>Julium</span> <span class='ocrx_word' id='word_1_49' title='bbox 459 899 653 935; x_wconf 85' lang='lat' dir='ltr'>Caesarem</span> <span class='ocrx_word' id='word_1_50' title='bbox 675 900 809 935; x_wconf 86' lang='lat' dir='ltr'>iterum</span> <span class='ocrx_word' id='word_1_51' title='bbox 833 900 1069 945; x_wconf 85' lang='lat' dir='ltr'>dictatorem,</span> <span class='ocrx_word' id='word_1_52' title='bbox 1096 900 1144 936; x_wconf 88' lang='lat' dir='ltr'>M.</span> <span class='ocrx_word' id='word_1_53' title='bbox 1170 900 1392 945; x_wconf 89' lang='lat' dir='ltr'>Antonium,</span> <span class='ocrx_word' id='word_1_54' title='bbox 1419 912 1497 936; x_wconf 88' lang='lat' dir='ltr'>ma-</span> 
     </span>
     <span class='ocr_line' id='line_1_11' title="bbox 244 974 1498 1022; baseline -0.001 -11"><span class='ocrx_word' id='word_1_55' title='bbox 244 976 398 1022; x_wconf 82' lang='lat' dir='ltr'>gistrum</span> <span class='ocrx_word' id='word_1_56' title='bbox 435 975 598 1021; x_wconf 88' lang='lat' dir='ltr'>equitum</span> <span class='ocrx_word' id='word_1_57' title='bbox 637 974 753 1010; x_wconf 88' lang='lat' dir='ltr'>dictos</span> <span class='ocrx_word' id='word_1_58' title='bbox 781 985 881 1021; x_wconf 83' lang='lat' dir='ltr'>esse,</span> <span class='ocrx_word' id='word_1_59' title='bbox 911 977 992 1022; x_wconf 88' lang='lat' dir='ltr'>post</span> <span class='ocrx_word' id='word_1_60' title='bbox 1021 986 1134 1022; x_wconf 81' lang='lat' dir='ltr'>quam</span> <span class='ocrx_word' id='word_1_61' title='bbox 1163 975 1381 1011; x_wconf 81' lang='lat' dir='ltr'>dictaturam</span> <span class='ocrx_word' id='word_1_62' title='bbox 1413 987 1498 1011; x_wconf 91' lang='lat' dir='ltr'>con-</span> 
     </span>
     <span class='ocr_line' id='line_1_12' title="bbox 243 1050 1497 1092; baseline -0.001 -5"><span class='ocrx_word' id='word_1_63' title='bbox 243 1051 339 1087; x_wconf 88' lang='lat' dir='ltr'>sules</span> <span class='ocrx_word' id='word_1_64' title='bbox 367 1050 496 1086; x_wconf 89' lang='lat' dir='ltr'>eodem</span> <span class='ocrx_word' id='word_1_65' title='bbox 519 1061 616 1086; x_wconf 85' lang='lat' dir='ltr'>anno</span> <span class='ocrx_word' id='word_1_66' title='bbox 641 1050 752 1086; x_wconf 89' lang='lat' dir='ltr'>creati</span> <span class='ocrx_word' id='word_1_67' title='bbox 776 1053 863 1086; x_wconf 91' lang='lat' dir='ltr'>sunt</span> <span class='ocrx_word' id='word_1_68' title='bbox 890 1050 933 1092; x_wconf 88' lang='lat' dir='ltr'>Q.</span> <span class='ocrx_word' id='word_1_69' title='bbox 958 1051 1083 1086; x_wconf 88' lang='lat' dir='ltr'>Fufius</span> <span class='ocrx_word' id='word_1_70' title='bbox 1110 1050 1265 1086; x_wconf 87' lang='lat' dir='ltr'>Calenus</span> <span class='ocrx_word' id='word_1_71' title='bbox 1291 1054 1327 1086; x_wconf 93' lang='lat' dir='ltr'>et</span> <span class='ocrx_word' id='word_1_72' title='bbox 1352 1051 1391 1086; x_wconf 89' lang='lat' dir='ltr'>P.</span> <span class='ocrx_word' id='word_1_73' title='bbox 1426 1051 1497 1086; x_wconf 87' lang='lat' dir='ltr'>Va-</span> 
     </span>
     <span class='ocr_line' id='line_1_13' title="bbox 247 1125 1497 1175; baseline 0 -13"><span class='ocrx_word' id='word_1_74' title='bbox 247 1127 379 1171; x_wconf 87' lang='lat' dir='ltr'>tinius,</span> <span class='ocrx_word' id='word_1_75' title='bbox 418 1137 575 1174; x_wconf 89' lang='lat' dir='ltr'>quocum</span> <span class='ocrx_word' id='word_1_76' title='bbox 612 1126 834 1175; x_wconf 85' lang='lat' dir='ltr'>conveniunt</span> <span class='ocrx_word' id='word_1_77' title='bbox 874 1137 967 1174; x_wconf 87' lang='lat' dir='ltr'>quae</span> <span class='ocrx_word' id='word_1_78' title='bbox 1005 1125 1132 1162; x_wconf 83' lang='lat' dir='ltr'>scribit</span> <span class='ocrx_word' id='word_1_79' title='bbox 1175 1126 1243 1163; x_wconf 92' lang='lat' dir='ltr'>Dio</span> <span class='ocrx_word' id='word_1_80' title='bbox 1291 1125 1436 1163; x_wconf 84' lang='lat' dir='ltr'>Cassius</span> <span class='ocrx_word' id='word_1_81' title='bbox 1460 1129 1497 1162; x_wconf 87' lang='lat'>¹:</span> 
     </span>
     <span class='ocr_line' id='line_1_14' title="bbox 249 1199 1492 1248; baseline -0.001 -13"><span class='ocrx_word' id='word_1_82' title='bbox 249 1201 371 1235; x_wconf 68' lang='lat' dir='ltr'>“rafaroe</span> <span class='ocrx_word' id='word_1_83' title='bbox 390 1202 421 1234; x_wconf 78' lang='grc' dir='ltr'>ἐν</span> <span class='ocrx_word' id='word_1_84' title='bbox 441 1202 540 1245; x_wconf 73' lang='grc' dir='ltr'><strong><em>ἐκείνῳ</em></strong></span> <span class='ocrx_word' id='word_1_85' title='bbox 551 1206 595 1245; x_wconf 86' lang='grc' dir='ltr'>τῷ</span> <span class='ocrx_word' id='word_1_86' title='bbox 620 1199 697 1243; x_wconf 75' lang='grc' dir='ltr'><strong><em>ἔτει,</em></strong></span> <span class='ocrx_word' id='word_1_87' title='bbox 717 1202 748 1234; x_wconf 76' lang='grc' dir='ltr'>ἐν</span> <span class='ocrx_word' id='word_1_88' title='bbox 769 1199 792 1245; x_wconf 85' lang='grc' dir='ltr'><strong><em>ᾧ</em></strong></span> <span class='ocrx_word' id='word_1_89' title='bbox 814 1200 967 1247; x_wconf 82' lang='grc' dir='ltr'><strong><em>δικτάτωρ</em></strong></span> <span class='ocrx_word' id='word_1_90' title='bbox 988 1200 1045 1246; x_wconf 79' lang='grc' dir='ltr'>μὲν</span> <span class='ocrx_word' id='word_1_91' title='bbox 1068 1199 1160 1239; x_wconf 82' lang='grc' dir='ltr'><strong><em>ὅντως</em></strong></span> <span class='ocrx_word' id='word_1_92' title='bbox 1181 1200 1273 1239; x_wconf 75' lang='grc' dir='ltr'><strong><em>αὐτὸς</em></strong></span> <span class='ocrx_word' id='word_1_93' title='bbox 1292 1201 1329 1234; x_wconf 81' lang='grc' dir='ltr'>τὸ</span> <span class='ocrx_word' id='word_1_94' title='bbox 1350 1201 1492 1248; x_wconf 80' lang='grc' dir='ltr'><strong><em>δεύτερον</em></strong></span> 
     </span>
     <span class='ocr_line' id='line_1_15' title="bbox 247 1269 1494 1318; baseline -0.001 -14"><span class='ocrx_word' id='word_1_95' title='bbox 247 1270 356 1318; x_wconf 74' lang='grc' dir='ltr'><strong><em>ἧρξεν,</em></strong></span> <span class='ocrx_word' id='word_1_96' title='bbox 394 1272 507 1304; x_wconf 77' lang='grc' dir='ltr'><strong><em>ὕπατοι</em></strong></span> <span class='ocrx_word' id='word_1_97' title='bbox 545 1269 581 1302; x_wconf 74' lang='grc' dir='ltr'>δὲ</span> <span class='ocrx_word' id='word_1_98' title='bbox 618 1269 664 1303; x_wconf 78' lang='grc' dir='ltr'>ἐπ’</span> <span class='ocrx_word' id='word_1_99' title='bbox 703 1269 801 1315; x_wconf 76' lang='grc' dir='ltr'>ἐξόδῳ</span> <span class='ocrx_word' id='word_1_100' title='bbox 834 1269 1076 1316; x_wconf 64' lang='grc' dir='ltr'><strong><em>ἀποδειχθέντες</em></strong></span> <span class='ocrx_word' id='word_1_101' title='bbox 1109 1270 1125 1303; x_wconf 75' lang='grc' dir='ltr'><strong><em>ὀ</em></strong></span> <span class='ocrx_word' id='word_1_102' title='bbox 1158 1283 1191 1303; x_wconf 84' lang='grc' dir='ltr'>τε</span> <span class='ocrx_word' id='word_1_103' title='bbox 1220 1272 1361 1308; x_wconf 77' lang='grc' dir='ltr'><strong><em>Καλῆνος</em></strong></span> <span class='ocrx_word' id='word_1_104' title='bbox 1393 1273 1444 1303; x_wconf 81' lang='grc' dir='ltr'>καὶ</span> <span class='ocrx_word' id='word_1_105' title='bbox 1479 1271 1494 1303; x_wconf 84' lang='grc' dir='ltr'>ὀ</span> 
     </span>
     <span class='ocr_line' id='line_1_16' title="bbox 248 1341 1496 1392; baseline -0.002 -10"><span class='ocrx_word' id='word_1_106' title='bbox 248 1350 408 1386; x_wconf 71' lang='grc' dir='ltr'><strong><em>Οὐατίνιος</em></strong></span> <span class='ocrx_word' id='word_1_107' title='bbox 432 1349 571 1392; x_wconf 75' lang='grc' dir='ltr'>ἐλέγοντο</span> <span class='ocrx_word' id='word_1_108' title='bbox 592 1345 685 1387; x_wconf 81' lang='grc' dir='ltr'><strong><em>εἶναι,</em></strong></span> <span class='ocrx_word' id='word_1_109' title='bbox 710 1349 862 1383; x_wconf 82' lang='grc' dir='ltr'><strong><em>ἐποίησεν.</em></strong></span> <span class='ocrx_word' id='word_1_110' title='bbox 895 1341 988 1384; x_wconf 76' lang='lat' dir='ltr'>QUia</span> <span class='ocrx_word' id='word_1_111' title='bbox 1021 1345 1144 1378; x_wconf 72' lang='lat' dir='ltr'>autem</span> <span class='ocrx_word' id='word_1_112' title='bbox 1170 1342 1331 1378; x_wconf 65' lang='lat' dir='ltr'>Catullus</span> <span class='ocrx_word' id='word_1_113' title='bbox 1365 1343 1496 1378; x_wconf 83' lang='lat' dir='ltr'>horum</span> 
     </span>
     <span class='ocr_line' id='line_1_17' title="bbox 247 1408 1496 1466; baseline -0.001 -11"><span class='ocrx_word' id='word_1_114' title='bbox 247 1408 397 1455; x_wconf 86' lang='lat' dir='ltr'>alterius</span> <span class='ocrx_word' id='word_1_115' title='bbox 434 1418 663 1454; x_wconf 87' lang='lat' dir='ltr'>consulatum</span> <span class='ocrx_word' id='word_1_116' title='bbox 703 1421 987 1462; x_wconf 87' lang='lat' dir='ltr'>commemorat,</span> <span class='ocrx_word' id='word_1_117' title='bbox 1029 1430 1178 1454; x_wconf 89' lang='lat' dir='ltr'>necesse</span> <span class='ocrx_word' id='word_1_118' title='bbox 1220 1422 1275 1454; x_wconf 91' lang='lat' dir='ltr'>est</span> <span class='ocrx_word' id='word_1_119' title='bbox 1317 1418 1386 1466; x_wconf 91' lang='lat' dir='ltr'>(sic</span> <span class='ocrx_word' id='word_1_120' title='bbox 1427 1419 1496 1454; x_wconf 89' lang='lat' dir='ltr'>viri</span> 
     </span>
     <span class='ocr_line' id='line_1_18' title="bbox 247 1493 1500 1543; baseline -0.001 -12"><span class='ocrx_word' id='word_1_121' title='bbox 247 1495 343 1532; x_wconf 88' lang='lat' dir='ltr'>docti</span> <span class='ocrx_word' id='word_1_122' title='bbox 368 1498 405 1531; x_wconf 91' lang='lat' dir='ltr'>et</span> <span class='ocrx_word' id='word_1_123' title='bbox 428 1495 525 1530; x_wconf 85' lang='lat' dir='ltr'>inter</span> <span class='ocrx_word' id='word_1_124' title='bbox 547 1506 609 1530; x_wconf 89' lang='lat' dir='ltr'>eos</span> <span class='ocrx_word' id='word_1_125' title='bbox 633 1493 812 1541; x_wconf 87' lang='lat' dir='ltr'>Hauptius</span> <span class='ocrx_word' id='word_1_126' title='bbox 836 1494 1041 1530; x_wconf 85' lang='lat' dir='ltr'>ratiocinati</span> <span class='ocrx_word' id='word_1_127' title='bbox 1066 1495 1167 1543; x_wconf 89' lang='lat' dir='ltr'>sunt)</span> <span class='ocrx_word' id='word_1_128' title='bbox 1192 1495 1323 1531; x_wconf 81' lang='lat' dir='ltr'>vixerit</span> <span class='ocrx_word' id='word_1_129' title='bbox 1344 1497 1500 1530; x_wconf 87' lang='lat' dir='ltr'>exeunte</span> 
     </span>
     <span class='ocr_line' id='line_1_19' title="bbox 248 1570 1500 1618; baseline -0.001 -11"><span class='ocrx_word' id='word_1_130' title='bbox 248 1583 345 1607; x_wconf 88' lang='lat' dir='ltr'>anno</span> <span class='ocrx_word' id='word_1_131' title='bbox 375 1570 474 1616; x_wconf 86' lang='lat'>706,</span> <span class='ocrx_word' id='word_1_132' title='bbox 498 1582 566 1607; x_wconf 90' lang='lat' dir='ltr'>nec</span> <span class='ocrx_word' id='word_1_133' title='bbox 591 1573 758 1606; x_wconf 90' lang='lat' dir='ltr'>mortuus</span> <span class='ocrx_word' id='word_1_134' title='bbox 786 1581 867 1606; x_wconf 84' lang='lat' dir='ltr'>esse</span> <span class='ocrx_word' id='word_1_135' title='bbox 892 1573 1012 1618; x_wconf 84' lang='lat' dir='ltr'>potest</span> <span class='ocrx_word' id='word_1_136' title='bbox 1038 1582 1080 1606; x_wconf 89' lang='lat' dir='ltr'>eo</span> <span class='ocrx_word' id='word_1_137' title='bbox 1104 1582 1221 1616; x_wconf 86' lang='lat' dir='ltr'>anno,</span> <span class='ocrx_word' id='word_1_138' title='bbox 1250 1582 1321 1618; x_wconf 92' lang='lat' dir='ltr'>quo</span> <span class='ocrx_word' id='word_1_139' title='bbox 1349 1570 1500 1606; x_wconf 82' lang='lat' dir='ltr'>tradidit</span> 
     </span>
     <span class='ocr_line' id='line_1_20' title="bbox 247 1647 502 1693; baseline -0.004 -11"><span class='ocrx_word' id='word_1_140' title='bbox 247 1647 502 1693; x_wconf 76' lang='lat' dir='ltr'>Hieronymus.</span> 
     </span>
    </p>

    <p class='ocr_par' dir='ltr' id='par_1_8' title="bbox 247 1721 1501 2295">
     <span class='ocr_line' id='line_1_21' title="bbox 302 1721 1498 1774; baseline -0.001 -17"><span class='ocrx_word' id='word_1_141' title='bbox 302 1721 471 1774; x_wconf 73' lang='lat' dir='ltr'>Diversas</span> <span class='ocrx_word' id='word_1_142' title='bbox 494 1721 539 1757; x_wconf 91' lang='lat' dir='ltr'>de</span> <span class='ocrx_word' id='word_1_143' title='bbox 559 1732 644 1757; x_wconf 89' lang='lat' dir='ltr'>vera</span> <span class='ocrx_word' id='word_1_144' title='bbox 667 1724 796 1768; x_wconf 87' lang='lat' dir='ltr'>poetae</span> <span class='ocrx_word' id='word_1_145' title='bbox 819 1724 937 1756; x_wconf 85' lang='lat' dir='ltr'>aetate</span> <span class='ocrx_word' id='word_1_146' title='bbox 961 1722 1160 1757; x_wconf 86' lang='lat' dir='ltr'>sententias</span> <span class='ocrx_word' id='word_1_147' title='bbox 1186 1722 1289 1757; x_wconf 90' lang='lat' dir='ltr'>multi</span> <span class='ocrx_word' id='word_1_148' title='bbox 1315 1722 1382 1757; x_wconf 90' lang='lat' dir='ltr'>viri</span> <span class='ocrx_word' id='word_1_149' title='bbox 1402 1721 1498 1757; x_wconf 88' lang='lat' dir='ltr'>docti</span> 
     </span>
     <span class='ocr_line' id='line_1_22' title="bbox 247 1795 1500 1843; baseline 0 -12"><span class='ocrx_word' id='word_1_150' title='bbox 247 1807 477 1843; x_wconf 88' lang='lat' dir='ltr'>proposuere.</span> <span class='ocrx_word' id='word_1_151' title='bbox 514 1796 658 1831; x_wconf 88' lang='lat' dir='ltr'>Primus</span> <span class='ocrx_word' id='word_1_152' title='bbox 696 1795 873 1843; x_wconf 87' lang='lat' dir='ltr'>Josephus</span> <span class='ocrx_word' id='word_1_153' title='bbox 912 1795 1072 1842; x_wconf 85' lang='lat' dir='ltr'>Scaliger</span> <span class='ocrx_word' id='word_1_154' title='bbox 1088 1798 1100 1817; x_wconf 83' lang='lat'><em>²</em></span> <span class='ocrx_word' id='word_1_155' title='bbox 1132 1796 1331 1832; x_wconf 85' lang='lat' dir='ltr'>secundum</span> <span class='ocrx_word' id='word_1_156' title='bbox 1371 1796 1500 1832; x_wconf 90' lang='lat' dir='ltr'>Hiero-</span> 
     </span>
     <span class='ocr_line' id='line_1_23' title="bbox 248 1871 1500 1919; baseline 0.001 -12"><span class='ocrx_word' id='word_1_157' title='bbox 248 1883 401 1918; x_wconf 77' lang='lat' dir='ltr'>nymum</span> <span class='ocrx_word' id='word_1_158' title='bbox 431 1874 468 1907; x_wconf 91' lang='lat' dir='ltr'>et</span> <span class='ocrx_word' id='word_1_159' title='bbox 495 1872 686 1919; x_wconf 87' lang='lat' dir='ltr'>antiquam</span> <span class='ocrx_word' id='word_1_160' title='bbox 713 1872 847 1916; x_wconf 85' lang='lat' dir='ltr'>vitam,</span> <span class='ocrx_word' id='word_1_161' title='bbox 877 1871 1060 1907; x_wconf 84' lang='lat' dir='ltr'>Catullum</span> <span class='ocrx_word' id='word_1_162' title='bbox 1086 1874 1215 1907; x_wconf 88' lang='lat' dir='ltr'>natum</span> <span class='ocrx_word' id='word_1_163' title='bbox 1243 1884 1322 1908; x_wconf 91' lang='lat' dir='ltr'>esse</span> <span class='ocrx_word' id='word_1_164' title='bbox 1348 1884 1500 1908; x_wconf 89' lang='lat' dir='ltr'>censens</span> 
     </span>
     <span class='ocr_line' id='line_1_24' title="bbox 249 1946 1500 1991; baseline 0 -9"><span class='ocrx_word' id='word_1_165' title='bbox 249 1958 345 1982; x_wconf 90' lang='lat' dir='ltr'>anno</span> <span class='ocrx_word' id='word_1_166' title='bbox 379 1946 478 1991; x_wconf 89' lang='lat'>667,</span> <span class='ocrx_word' id='word_1_167' title='bbox 507 1947 758 1982; x_wconf 85' lang='lat' dir='ltr'>demonstrare</span> <span class='ocrx_word' id='word_1_168' title='bbox 795 1949 946 1982; x_wconf 80' lang='lat' dir='ltr'>conatus</span> <span class='ocrx_word' id='word_1_169' title='bbox 982 1949 1056 1991; x_wconf 88' lang='lat' dir='ltr'>est,</span> <span class='ocrx_word' id='word_1_170' title='bbox 1094 1958 1179 1982; x_wconf 90' lang='lat' dir='ltr'>eum</span> <span class='ocrx_word' id='word_1_171' title='bbox 1206 1949 1389 1982; x_wconf 86' lang='lat' dir='ltr'>mortuum</span> <span class='ocrx_word' id='word_1_172' title='bbox 1422 1959 1500 1982; x_wconf 84' lang='lat' dir='ltr'>esse</span> 
     </span>
     <span class='ocr_line' id='line_1_25' title="bbox 248 2020 1500 2069; baseline 0.001 -12"><span class='ocrx_word' id='word_1_173' title='bbox 248 2025 330 2069; x_wconf 85' lang='lat' dir='ltr'>post</span> <span class='ocrx_word' id='word_1_174' title='bbox 356 2033 495 2057; x_wconf 85' lang='lat' dir='ltr'>annum</span> <span class='ocrx_word' id='word_1_175' title='bbox 525 2021 602 2057; x_wconf 88' lang='lat'>736</span> <span class='ocrx_word' id='word_1_176' title='bbox 640 2022 682 2057; x_wconf 91' lang='lat' dir='ltr'>U.</span> <span class='ocrx_word' id='word_1_177' title='bbox 723 2021 761 2057; x_wconf 91' lang='lat' dir='ltr'>C.</span> <span class='ocrx_word' id='word_1_178' title='bbox 800 2033 872 2068; x_wconf 87' lang='lat' dir='ltr'>quo</span> <span class='ocrx_word' id='word_1_179' title='bbox 911 2020 949 2056; x_wconf 86' lang='lat' dir='ltr'>C.</span> <span class='ocrx_word' id='word_1_180' title='bbox 976 2021 1133 2066; x_wconf 88' lang='lat' dir='ltr'>Furnio,</span> <span class='ocrx_word' id='word_1_181' title='bbox 1161 2021 1199 2057; x_wconf 89' lang='lat' dir='ltr'>C.</span> <span class='ocrx_word' id='word_1_182' title='bbox 1230 2022 1337 2057; x_wconf 88' lang='lat' dir='ltr'>Junio</span> <span class='ocrx_word' id='word_1_183' title='bbox 1376 2022 1500 2058; x_wconf 89' lang='lat' dir='ltr'>Silano</span> 
     </span>
     <span class='ocr_line' id='line_1_26' title="bbox 251 2096 1501 2144; baseline 0 -11"><span class='ocrx_word' id='word_1_184' title='bbox 251 2096 350 2133; x_wconf 86' lang='lat' dir='ltr'>Coss.</span> <span class='ocrx_word' id='word_1_185' title='bbox 393 2097 469 2133; x_wconf 90' lang='lat' dir='ltr'>ludi</span> <span class='ocrx_word' id='word_1_186' title='bbox 512 2097 667 2144; x_wconf 79' lang='lat' dir='ltr'>Augusti</span> <span class='ocrx_word' id='word_1_187' title='bbox 709 2096 889 2132; x_wconf 86' lang='lat' dir='ltr'>seculares</span> <span class='ocrx_word' id='word_1_188' title='bbox 930 2097 1016 2132; x_wconf 89' lang='lat' dir='ltr'>facti</span> <span class='ocrx_word' id='word_1_189' title='bbox 1058 2100 1154 2132; x_wconf 90' lang='lat' dir='ltr'>sunt.</span> <span class='ocrx_word' id='word_1_190' title='bbox 1171 2100 1185 2119; x_wconf 76' lang='lat'><strong>⁸</strong></span> <span class='ocrx_word' id='word_1_191' title='bbox 1229 2097 1334 2140; x_wconf 88' lang='lat' dir='ltr'>Quod</span> <span class='ocrx_word' id='word_1_192' title='bbox 1376 2098 1501 2133; x_wconf 89' lang='lat' dir='ltr'>multis</span> 
     </span>
     <span class='ocr_line' id='line_1_27' title="bbox 250 2172 1500 2220; baseline 0 -11"><span class='ocrx_word' id='word_1_193' title='bbox 250 2173 477 2219; x_wconf 82' lang='lat' dir='ltr'>argumentis</span> <span class='ocrx_word' id='word_1_194' title='bbox 500 2172 654 2220; x_wconf 90' lang='lat' dir='ltr'>probare</span> <span class='ocrx_word' id='word_1_195' title='bbox 677 2175 828 2209; x_wconf 83' lang='lat' dir='ltr'>conatus</span> <span class='ocrx_word' id='word_1_196' title='bbox 849 2175 923 2216; x_wconf 85' lang='lat' dir='ltr'>est,</span> <span class='ocrx_word' id='word_1_197' title='bbox 947 2183 1040 2219; x_wconf 89' lang='lat' dir='ltr'>quae</span> <span class='ocrx_word' id='word_1_198' title='bbox 1062 2172 1123 2208; x_wconf 87' lang='lat' dir='ltr'>hic</span> <span class='ocrx_word' id='word_1_199' title='bbox 1145 2184 1360 2209; x_wconf 87' lang='lat' dir='ltr'>enumerare</span> <span class='ocrx_word' id='word_1_200' title='bbox 1382 2173 1500 2217; x_wconf 87' lang='lat' dir='ltr'>lubet,</span> 
     </span>
     <span class='ocr_line' id='line_1_28' title="bbox 251 2247 1501 2295; baseline 0 -12"><span class='ocrx_word' id='word_1_201' title='bbox 251 2248 338 2295; x_wconf 86' lang='lat' dir='ltr'>quia</span> <span class='ocrx_word' id='word_1_202' title='bbox 365 2248 418 2283; x_wconf 89' lang='lat' dir='ltr'>sic</span> <span class='ocrx_word' id='word_1_203' title='bbox 441 2248 549 2283; x_wconf 90' lang='lat' dir='ltr'>simul</span> <span class='ocrx_word' id='word_1_204' title='bbox 572 2247 748 2283; x_wconf 86' lang='lat' dir='ltr'>nonnulla</span> <span class='ocrx_word' id='word_1_205' title='bbox 773 2248 953 2294; x_wconf 81' lang='lat' dir='ltr'>attingere</span> <span class='ocrx_word' id='word_1_206' title='bbox 977 2259 1124 2284; x_wconf 88' lang='lat' dir='ltr'>necesse</span> <span class='ocrx_word' id='word_1_207' title='bbox 1147 2249 1235 2293; x_wconf 90' lang='lat' dir='ltr'>erit,</span> <span class='ocrx_word' id='word_1_208' title='bbox 1260 2260 1354 2295; x_wconf 89' lang='lat' dir='ltr'>quae</span> <span class='ocrx_word' id='word_1_209' title='bbox 1376 2260 1501 2284; x_wconf 88' lang='lat' dir='ltr'>recen-</span> 
     </span>
    </p>
   </div>
   <div class='ocr_carea' id='block_1_7' title="bbox 250 2323 1463 2370">
    <p class='ocr_par' dir='ltr' id='par_1_9' title="bbox 250 2323 1463 2370">
     <span class='ocr_line' id='line_1_29' title="bbox 250 2323 1463 2370; baseline 0.001 -12"><span class='ocrx_word' id='word_1_210' title='bbox 250 2323 362 2359; x_wconf 90' lang='lat' dir='ltr'>tiores</span> <span class='ocrx_word' id='word_1_211' title='bbox 386 2324 432 2359; x_wconf 81' lang='lat' dir='ltr'>ad</span> <span class='ocrx_word' id='word_1_212' title='bbox 459 2323 797 2370; x_wconf 86' lang='lat' dir='ltr'>interpretationem</span> <span class='ocrx_word' id='word_1_213' title='bbox 829 2323 960 2359; x_wconf 86' lang='lat' dir='ltr'>Catulli</span> <span class='ocrx_word' id='word_1_214' title='bbox 989 2324 1193 2359; x_wconf 85' lang='lat' dir='ltr'>carminum</span> <span class='ocrx_word' id='word_1_215' title='bbox 1223 2324 1463 2360; x_wconf 88' lang='lat' dir='ltr'>contulerunt.</span> 
     </span>
    </p>
   </div>
   <div class='ocr_carea' id='block_1_8' title="bbox 294 2433 894 2595">
    <p class='ocr_par' dir='ltr' id='par_1_10' title="bbox 294 2433 894 2595">
     <span class='ocr_line' id='line_1_30' title="bbox 296 2433 628 2470; baseline -0.003 -8"><span class='ocrx_word' id='word_1_216' title='bbox 296 2433 366 2467; x_wconf 22' lang='lat'>¹¹1⁴.</span> <span class='ocrx_word' id='word_1_217' title='bbox 390 2433 507 2470; x_wconf 88' lang='lat' dir='ltr'>XLII,</span> <span class='ocrx_word' id='word_1_218' title='bbox 530 2440 556 2462; x_wconf 90' lang='lat' dir='ltr'>c.</span> <span class='ocrx_word' id='word_1_219' title='bbox 579 2433 628 2461; x_wconf 85' lang='lat'>55.</span> 
     </span>
     <span class='ocr_line' id='line_1_31' title="bbox 294 2495 894 2532; baseline -0.002 -7"><span class='ocrx_word' id='word_1_220' title='bbox 294 2496 306 2516; x_wconf 73' lang='lat'>²</span> <span class='ocrx_word' id='word_1_221' title='bbox 328 2495 496 2525; x_wconf 79' lang='lat' dir='ltr'>Animadv.</span> <span class='ocrx_word' id='word_1_222' title='bbox 519 2495 552 2524; x_wconf 91' lang='lat' dir='ltr'>in</span> <span class='ocrx_word' id='word_1_223' title='bbox 574 2495 748 2525; x_wconf 80' lang='lat' dir='ltr'>Eusebium</span> <span class='ocrx_word' id='word_1_224' title='bbox 771 2504 800 2532; x_wconf 90' lang='lat' dir='ltr'>p.</span> <span class='ocrx_word' id='word_1_225' title='bbox 825 2495 894 2524; x_wconf 88' lang='lat'>155.</span> 
     </span>
     <span class='ocr_line' id='line_1_32' title="bbox 294 2558 770 2595; baseline 0 -8"><span class='ocrx_word' id='word_1_226' title='bbox 294 2560 307 2579; x_wconf 76' lang='lat'><strong>³</strong></span> <span class='ocrx_word' id='word_1_227' title='bbox 329 2558 378 2587; x_wconf 82' lang='lat' dir='ltr'>Cf.</span> <span class='ocrx_word' id='word_1_228' title='bbox 400 2558 526 2595; x_wconf 82' lang='lat' dir='ltr'>Haupt,</span> <span class='ocrx_word' id='word_1_229' title='bbox 548 2558 586 2594; x_wconf 79' lang='lat' dir='ltr'>Q.</span> <span class='ocrx_word' id='word_1_230' title='bbox 610 2558 645 2587; x_wconf 92' lang='lat' dir='ltr'>C.</span> <span class='ocrx_word' id='word_1_231' title='bbox 670 2566 699 2594; x_wconf 87' lang='lat' dir='ltr'>p.</span> <span class='ocrx_word' id='word_1_232' title='bbox 722 2559 770 2587; x_wconf 83' lang='lat'>14.</span> 
     </span>
    </p>
   </div>
  </div>
 </body>
</html>
