1892 3007
671 948 922 992 CAPUT
965 948 1358 994 ALTERUM.

808 1329 857 1353 DE
883 1328 1055 1354 CATULLI
1079 1328 1244 1353 AETATE.

447 1457 609 1499 Quintus
632 1459 744 1506 igitur
763 1459 929 1495 Valerius
957 1458 1141 1505 Catullus,
1155 1460 1187 1495 si
1201 1459 1383 1496 credimus
1398 1460 1623 1507 Hieronymo
1636 1488 1645 1505 ‚

390 1537 497 1571 natus
520 1538 577 1571 est
604 1547 702 1571 anno
731 1534 808 1570 667
838 1534 879 1571 U.
911 1534 950 1571 C.
974 1534 1042 1582 (87
1067 1539 1153 1571 ante
1178 1535 1262 1571 Chr.
1288 1536 1352 1583 n.).
1370 1535 1428 1572 Ad
1448 1548 1641 1572 numerum

389 1611 489 1646 enim
527 1609 634 1647 1930
671 1612 742 1647 hoc
768 1611 914 1647 scribit:
960 1611 1026 1647 ⁶⁴0.
1059 1609 1235 1647 Valerius
1270 1609 1465 1663 Catulfus,
1489 1610 1645 1660 scriptor

391 1683 549 1734 lyricus,
594 1684 759 1722 Veronae
800 1685 991 1722 nascitur”
1035 1690 1073 1722 et
1114 1687 1246 1723 deinde
1287 1687 1334 1722 ad
1361 1698 1501 1722 annum
1539 1686 1647 1723 1960

391 1761 431 1807 (i.
469 1773 499 1796 e.
539 1761 581 1797 U.
617 1761 656 1798 C.
685 1760 785 1807 697,
823 1764 910 1797 ante
939 1754 1023 1797 Chr.
1055 1773 1089 1797 n.
1120 1761 1211 1810 57):
1246 1759 1449 1797 “Catullus
1475 1759 1647 1797 vicesimo

390 1835 530 1873 aetatis
566 1848 663 1873 anno
705 1835 841 1874 Romae
877 1835 1070 1874 moritur.’'
1108 1837 1151 1873 In
1189 1837 1341 1885 antiqua
1376 1837 1450 1873 vita
1493 1836 1649 1883 Catulli,

390 1924 484 1959 quae
508 1913 669 1959 primum
698 1913 832 1959 legitur
855 1914 895 1948 in
925 1913 1084 1948 editione
1112 1913 1200 1948 anni
1228 1911 1354 1958 1472,
1378 1917 1486 1960 poeta
1514 1914 1647 1949 dicitur

392 1990 500 2023 natus
524 1999 603 2024 esse
628 1987 845 2036 Olympiade
874 1987 1007 2033 CLXI,
1026 1999 1101 2024 uno
1130 1999 1227 2024 anno
1251 1990 1337 2024 ante
1361 1992 1488 2024 natum
1512 1988 1649 2025 Sallus-

394 2064 498 2099 tium.
543 2063 583 2099 In
627 2062 854 2111 Olympiadis
896 2075 1051 2099 numero
1088 2063 1279 2099 librarium
1315 2075 1456 2100 errasse
1495 2067 1532 2100 et
1552 2046 1556 2050 ἱ
1580 2076 1645 2111 pro

393 2139 565 2175 CLXIIIa
599 2138 836 2175 CLXXHIam
872 2139 1081 2187 ponendam
1109 2150 1208 2185 esse,
1235 2151 1301 2187 per
1328 2151 1368 2176 se
1401 2142 1560 2187 apparet.
1591 2138 1652 2175 Sic

392 2216 483 2251 haec
505 2215 656 2262 pulchre
680 2215 903 2251 conveniunt
926 2227 1010 2251 cum
1034 2216 1094 2260 iis,
1119 2226 1213 2262 quae
1227 2214 1378 2251 tradidit
1392 2214 1650 2262 Hieronymus.

394 2290 467 2327 Sed
490 2294 616 2327 tamen
644 2291 736 2328 haec
764 2291 888 2327 omnia
915 2302 991 2328 non
1019 2290 1163 2328 mendis
1189 2290 1303 2327 libera
1330 2293 1426 2327 sunt.
1452 2290 1492 2326 In
1522 2290 1652 2327 mortis

394 2379 491 2402 anno
544 2367 799 2402 constituendo
856 2366 1020 2403 “errasse
1064 2367 1351 2413 Hieronymum,
1392 2366 1531 2401 dudum
1573 2366 1652 2401 ani-

392 2442 669 2478 madverterunt
697 2442 926 2488 grammatici
938 2443 971 2487 ‚”
1001 2442 1183 2489 Hauptius
1211 2441 1264 2477 ait
1282 2443 1313 2487 ¹,
1348 2440 1439 2477 “nec
1461 2444 1581 2489 potest
1608 2453 1651 2477 ea

437 2573 444 2591 ¹
470 2570 602 2607 Quaest.
629 2569 746 2599 Catuli.
770 2577 800 2606 p.
825 2570 874 2599 13.
