1892 3007
847 219 897 253 23

253 358 325 393 quo
369 357 454 382 eum
495 346 591 393 ridet
632 358 661 381 c.
703 346 775 390 53,
803 345 867 381 sed
904 345 1021 391 magis
1057 344 1169 380 etiam
1198 355 1218 379 e
1252 343 1497 391 pulcherrimo

251 420 413 456 carmine
452 420 523 466 96,
565 432 637 468 quo
679 420 876 462 Quintiliae
903 431 925 455 a
954 419 1063 455 Calvo
1091 422 1236 454 amatae
1263 419 1498 454 immaturam

248 489 347 536 luget
372 492 539 525 mortem.
566 489 668 525 Idem
692 500 842 536 poeseos
866 500 980 535 genus
995 492 1169 525 tractasse
1184 487 1352 524 videntur
1367 487 1497 523 Calvus

248 575 291 600 ac
306 563 488 610 Catullus,
516 565 646 600 iisdem
676 564 775 600 enim
798 561 965 600 laudibus
987 565 1231 608 honorantur,
1263 574 1337 598 uno
1353 564 1498 598 eodem-

250 652 321 687 que
349 652 457 676 versu
484 640 531 676 ab
561 640 711 676 Horatio
739 640 1039 676 condemnantur.
1071 640 1117 675 Et
1146 640 1176 675 si
1207 650 1248 675 ea
1274 639 1495 685 colligimus,

249 726 343 763 quae
381 716 426 751 de
464 715 564 751 Calvi
602 715 780 763 poematis
818 715 1017 751 memoriae
1045 715 1179 750 tradita
1207 716 1312 758 sunt,
1342 714 1372 749 si
1400 714 1495 760 frag-

247 795 372 827 menta
413 792 644 838 inspicimus,
682 803 775 839 quae
811 792 872 827 hic
899 791 973 827 illic
1000 802 1124 838 sparsa
1147 790 1225 837 jam
1254 791 1317 826 diu
1344 801 1365 825 a
1399 790 1495 826 Viris

247 865 465 902 Clarissimis
504 866 727 914 conjunctim
766 866 863 902 edita
898 869 984 902 sunt
1012 868 1045 911 ¹,
1075 866 1233 901 eundem
1261 867 1425 902 animum
1454 877 1496 901 ac

246 942 377 978 Catulli
415 943 577 978 carmina
615 954 657 978 ea
685 943 823 989 spirare
852 945 1013 990 apparet.
1044 942 1091 977 Ut
1121 942 1283 977 Catullus
1310 943 1347 977 in
1381 954 1409 977 c.
1444 941 1495 976 29

244 1018 333 1054 diris
351 1017 688 1066 exprobrationibus
710 1017 749 1052 in
773 1017 966 1053 Caesarem
991 1018 1154 1053 invectus
1178 1021 1252 1063 est,
1285 1018 1336 1053 ita
1366 1016 1494 1053 Sueto-

245 1093 329 1128 nius
345 1095 358 1115 2
388 1093 499 1128 tradit
528 1092 678 1129 Calvum
708 1093 898 1129 cecinisse:

870 1199 1061 1241 “Bithynia
1084 1203 1239 1240 quidquid

413 1265 457 1294 Et
477 1265 664 1301 paedicator
686 1265 835 1295 Caesaris
857 1272 1006 1302 umquam
1030 1263 1173 1293 habuit.'’

295 1366 373 1401 Nec
413 1366 535 1402 minus
577 1369 731 1413 uterque
767 1369 874 1413 poeta
912 1365 1126 1413 Pompejum
1164 1366 1245 1401 odio
1281 1368 1493 1412 prosecutus

243 1444 307 1477 est.
342 1441 446 1484 Quod
471 1441 516 1477 de
541 1440 681 1477 Catullo
700 1441 780 1488 jam
803 1441 972 1477 vidimus.
1004 1440 1104 1476 Calvi
1132 1440 1242 1476 verba
1269 1440 1360 1476 haec
1387 1442 1490 1484 sunt,

239 1520 333 1553 teste
360 1517 497 1554 Seneca
525 1518 702 1553 Rhetore:
720 1520 733 1540 ³

883 1635 1003 1671 “digito
1026 1636 1124 1671 caput
1145 1643 1207 1664 uno

415 1697 554 1734 Scalpit3
577 1697 654 1734 qnid
678 1697 790 1726 credas
811 1697 897 1726 hunc
921 1697 982 1726 sibi
1005 1697 1114 1726 velle?
1138 1696 1281 1727 Virum.’'

295 1806 343 1842 Ut
368 1805 551 1852 Catullus,
575 1807 625 1842 ita
640 1808 676 1842 et
696 1805 826 1842 Calvus
839 1806 1149 1854 hendecasyllabis
1165 1806 1327 1842 carmina
1343 1817 1488 1853 compo-

241 1882 334 1926 suit,
368 1884 461 1917 teste
477 1881 635 1917 Asconio
665 1882 826 1917 Pediano
854 1882 901 1917 ad
932 1881 1030 1918 Orat.
1055 1876 1094 1917 in
1118 1885 1202 1928 toga
1226 1882 1380 1918 candida
1406 1893 1490 1917 con-

243 1961 300 1994 tra
338 1970 366 1994 c.
409 1957 543 1993 Anton.
582 1960 619 1993 et
656 1957 695 1993 L.
735 1957 878 1993 Catilin.
917 1958 1191 2005 competitores,
1218 1970 1252 2005 p.
1283 1957 1344 1993 95.
1380 1956 1488 1993 Orell.

249 2032 410 2080 Uterque
437 2036 543 2079 poeta
571 2033 686 2068 malos
709 2036 834 2080 poetas
858 2033 957 2078 risit,
982 2033 1078 2080 quod
1094 2033 1139 2068 de
1154 2032 1263 2068 Calvo
1278 2034 1316 2067 in
1331 2032 1487 2068 Sardum

242 2108 435 2154 Tigellium
452 2108 629 2144 traditum
658 2110 712 2144 est
736 2108 774 2143 in
799 2108 973 2156 Porphyr.
991 2111 1026 2144 et
1042 2107 1160 2145 Schol.
1178 2107 1285 2155 Cruq.
1302 2108 1348 2143 ad
1363 2108 1488 2144 Horat.

278 2295 285 2314 ¹
310 2294 348 2323 Η.
380 2293 563 2329 Stephanus
590 2294 623 2322 in
648 2294 777 2330 Fragm.
799 2294 891 2324 Poet.
913 2295 987 2324 Vet.
1008 2295 1097 2324 Latt.
1119 2303 1149 2331 p.
1170 2296 1230 2324 410
1251 2303 1315 2332 sq.,
1340 2295 1477 2324 Almelo-

245 2363 345 2393 veen,
368 2355 400 2384 in
423 2355 594 2391 opusculis
615 2364 645 2392 p.
669 2356 743 2393 168,
764 2355 931 2386 Weichert
952 2357 985 2385 in
1009 2356 1201 2386 “Poetarum
1222 2357 1411 2386 Latinorum
1425 2357 1486 2386 Re-

243 2417 400 2455 liquiae''‚
423 2426 453 2454 p.
477 2419 545 2447 131.
567 2417 752 2448 Lachmann
774 2418 806 2448 in
830 2418 971 2448 editione
990 2418 1118 2449 Catulli.

276 2482 288 2501 2
310 2480 402 2510 Caes.
423 2481 473 2509 49.

277 2546 289 2565 ³
311 2543 463 2573 Controv.
487 2544 561 2581 ΙΙΙ,
586 2544 633 2572 19.
