1892 3007
852 244 903 282 17

261 373 384 410 omnia
407 373 634 409 Lachmanni
657 373 905 420 conjecturam
924 374 1121 410 admodum
1147 375 1426 419 commendant,
1451 377 1505 410 at-

259 452 384 485 tamen
412 452 468 494 et,
492 461 586 496 quae
614 450 710 485 hanc
736 450 944 496 opinionem
972 450 1180 494 infirmant,
1205 450 1385 485 audienda
1414 454 1509 485 sunt.

262 524 355 560 Sunt
392 525 509 568 enim,
547 526 610 571 qui
638 525 879 570 contendant,
907 536 990 560 eam
1021 537 1093 560 non
1122 525 1210 560 satis
1238 525 1354 561 firmis
1384 526 1513 560 funda-

259 600 393 635 mentis
422 600 500 634 niti.

313 674 354 709 In
377 674 518 719 libello,
542 675 640 721 quod
661 674 774 710 edidit
797 686 893 710 anno
917 673 1021 710 1857
1055 675 1110 710 vir
1143 675 1372 710 doctissimus
1401 675 1514 721 Jung-

259 749 424 795 clausen,
475 752 564 786 tunc
608 749 782 797 temporis
834 749 1055 786 subrectoris
1099 761 1252 785 munere
1299 750 1338 785 in
1388 751 1510 787 schola

259 825 494 865 Meldorfiana
522 827 695 871 fungens,
725 826 916 872 inscripto:
950 826 1045 860 “Zur
1073 825 1315 871 Chronologie
1346 827 1410 861 der
1440 827 1511 861 Ge-

259 900 381 936 dichte
430 900 493 936 des
530 900 689 936 Catulls'‘
719 902 728 922 ¹
777 900 847 935 tria
888 896 1075 948 proponit·
1099 904 1338 947 argumenta,
1382 902 1512 948 quibus

260 976 451 1022 impugnat
475 971 701 1010 Lachmanni
729 975 995 1020 conjecturam:

314 1049 367 1086 1⁰.
394 1049 432 1086 Si
453 1062 579 1086 verum
600 1054 655 1086 est
669 1062 817 1086 carmen
834 1050 884 1085 52
900 1051 946 1085 de
960 1050 1107 1086 Vatinio
1130 1062 1204 1086 non
1233 1063 1312 1087 esse
1337 1053 1513 1099 scriptum

259 1129 344 1160 ante
368 1137 505 1160 annum
536 1125 633 1170 706,
662 1127 803 1161 nullum
832 1127 928 1160 inter
959 1125 1092 1160 Catulli
1123 1126 1286 1160 carmina
1314 1128 1513 1173 reperitur,

259 1200 357 1247 quod
393 1201 489 1236 inter
525 1212 641 1237 annos
679 1200 757 1237 699
796 1205 833 1237 et
864 1200 940 1236 706
970 1201 1145 1247 scriptum
1174 1212 1253 1236 esse
1281 1205 1440 1248 apparet.
1471 1202 1516 1236 Et

258 1276 297 1310 hi
322 1276 469 1322 quidem
494 1277 581 1311 anni
605 1276 721 1311 turbis
743 1277 840 1323 pleni
855 1277 977 1320 fuere,
1017 1279 1054 1311 et
1067 1276 1265 1322 unicuique
1280 1279 1377 1311 recte
1392 1288 1513 1329 secum

258 1350 304 1386 de
329 1351 514 1398 republica
541 1351 745 1397 reputanti,
773 1362 928 1398 magnae
949 1362 1009 1386 res
1038 1350 1195 1396 majores
1222 1351 1405 1398 pariturae
1434 1363 1512 1386 esse

258 1426 493 1470 videbantur:
518 1425 598 1473 jam
635 1426 694 1462 via
730 1426 983 1471 sternebatur,
1013 1437 1086 1473 qua
1116 1425 1249 1461 Caesar
1278 1438 1321 1461 eo
1350 1427 1509 1470 veniret,

257 1505 299 1537 ut
334 1502 532 1549 imperator
566 1502 696 1538 unicus
732 1513 797 1538 suo
835 1501 987 1537 arbitrio
1025 1501 1286 1548 rempublicam
1315 1502 1510 1538 ordinaret.

258 1577 340 1612 Non
379 1578 458 1612 fieri
486 1581 625 1623 potest,
653 1580 695 1612 ut
721 1578 779 1612 his
807 1577 1030 1623 temporibus
1060 1576 1222 1612 Catullus
1253 1578 1392 1612 iambos
1426 1589 1510 1612 suos

257 1652 462 1697 reticuerit,
485 1653 630 1688 etiamsi
655 1652 693 1688 in
721 1652 877 1699 gratiam
900 1664 983 1688 cum
1010 1651 1165 1688 Caesare
1190 1652 1375 1697 rediisset,
1391 1664 1510 1699 neque

258 1728 480 1763 credendum
505 1731 559 1763 est
581 1738 662 1763 eam
685 1731 826 1774 partem
840 1728 1045 1763 carminum
1061 1727 1192 1762 Catulli
1209 1730 1324 1762 totam
1338 1729 1507 1774 periisse,

256 1804 396 1851 reliqua
425 1804 499 1839 fere
528 1803 650 1839 omnia
678 1814 876 1851 superesse.

311 1878 363 1913 2⁰.
389 1878 427 1913 Si
452 1878 613 1914 Catullus
637 1890 709 1913 non
733 1881 818 1913 ante
847 1889 983 1913 annum
1013 1877 1092 1912 676
1121 1881 1228 1912 natus
1259 1881 1332 1922 est,
1358 1890 1507 1914 necesse

256 1957 310 1988 est
332 1957 438 2000 poeta
466 1954 591 1999 viginti
622 1964 737 1987 annos
766 1956 893 1997 natus,
922 1964 996 1987 non
1025 1953 1142 1987 solum
1172 1953 1309 1998 ingenii
1340 1952 1505 1997 dotibus,

255 2028 319 2063 sed
360 2031 396 2063 et
437 2027 616 2075 stupenda
657 2027 822 2063 doctrina
860 2028 956 2063 inter
998 2039 1123 2062 omnes
1166 2028 1386 2062 excelluerit.
1429 2027 1508 2069 Quo

255 2103 354 2138 enim
403 2106 508 2149 pacto
558 2103 692 2155 alioqui
737 2103 901 2138 carmina
943 2106 1133 2150 poetarum
1172 2102 1506 2138 Alexandrinorum

255 2182 331 2214 tam
376 2178 561 2226 praeclaro
606 2178 714 2214 modo
752 2181 912 2223 vertere,
953 2190 1025 2225 quo
1063 2181 1167 2225 pacto
1205 2178 1291 2214 talia
1333 2178 1508 2225 epithala-

254 2254 348 2299 mia,
384 2254 431 2289 ad
468 2254 607 2289 Graeca
644 2255 798 2290 fortasse
835 2253 1001 2300 exempla
1034 2254 1196 2298 imitata,
1230 2254 1411 2289 conficere
1447 2266 1510 2301 po-

253 2328 413 2365 tuisset‘?
451 2328 545 2364 Sunt
581 2330 678 2365 inter
715 2328 793 2375 ejus
833 2329 1016 2373 carmina,
1047 2340 1140 2375 quae
1172 2328 1317 2374 juvenis
1354 2330 1509 2375 egregiis

253 2404 367 2439 animi
391 2404 534 2440 dotibus
557 2404 763 2451 praeditus,
795 2404 853 2439 cui
879 2403 1003 2439 Musae
1027 2415 1170 2451 semper
1201 2404 1379 2451 propitiae
1408 2405 1507 2440 ades-

298 2560 307 2580 ¹
333 2559 370 2588 P.
395 2559 431 2597 5,
454 2566 502 2597 sq.
