1892 3007
966 268 1016 304 84

355 406 497 430 comma
534 396 633 441 prius
671 395 843 430 terminat
880 407 1020 441 semper
1056 395 1161 441 longa
1200 399 1263 431 est.
1306 395 1377 431 Sed
1413 400 1454 431 ut
1491 397 1606 442 longis

358 470 425 503 illis
468 470 612 515 syllabis
642 471 741 516 prius
770 481 910 504 comma
949 471 1184 513 terminetur,
1209 471 1355 516 produci
1392 475 1531 517 oportet
1570 473 1604 506 in

357 544 506 591 Cybeles
559 545 705 579 nomine
754 545 866 579 altera
917 545 1051 591 syllaba
1096 557 1144 580 vs.
1190 545 1261 589 20,
1305 544 1375 589 35,
1420 544 1489 589 84,
1544 545 1604 580 91.

355 619 637 664 Disputaverunt
687 620 752 653 viri
804 620 918 663 docti,
970 623 1092 654 utrum
1148 620 1255 664 igitur
1297 620 1352 654 his
1403 621 1489 655 locis
1535 619 1602 667 Cy-

356 693 449 729 bebe
486 697 580 728 esset
616 694 843 729 scribendum
884 706 929 729 an
972 694 1133 740 Cybelle,
1164 706 1209 728 an
1240 694 1276 728 in
1305 694 1456 741 Cybele,
1487 696 1605 731 media

356 779 487 813 anceps
515 772 627 812 esset,
656 770 708 803 uti
744 769 920 804 Graecum
951 773 1072 816 Κυβέλη
1102 773 1137 803 et
1166 774 1302 817 Κυβήλη.
1333 769 1449 811 Quam
1479 774 1602 805 autem

356 844 484 878 harum
520 844 698 878 rationem
735 845 918 890 sequaris,
957 844 1007 878 nil
1047 844 1092 878 ad
1124 846 1280 879 metrum
1313 844 1418 888 facit,
1447 856 1532 890 ergo
1561 846 1605 880 de

355 929 393 952 re
430 921 504 952 tam
543 919 643 964 parvi
682 919 858 952 momenti
889 930 960 951 non
991 918 1264 963 disputabimus.
1296 918 1355 954 Sic
1384 931 1453 953 vox
1486 920 1602 965 “tym-

356 993 512 1037 panum''
538 1004 681 1038 quoque
716 993 898 1028 nonnullis
927 993 1012 1027 locis
1050 993 1204 1039 primam
1233 993 1445 1039 productam
1475 993 1602 1032 habet,

352 1067 431 1101 aliis
460 1078 545 1101 usus
575 1070 629 1101 est
658 1068 773 1101 forma
802 1067 938 1101 Graeca
966 1073 1101 1103 τύπανον
1132 1067 1302 1102 Catullus.
1337 1067 1400 1102 Cff.
1425 1080 1473 1102 vs.
1503 1067 1544 1111 8,
1576 1068 1599 1101 9

353 1142 494 1187 (contra
542 1145 755 1188 tympanum
805 1154 871 1177 vss.
912 1141 957 1176 21
977 1170 985 1184 ,
1034 1142 1103 1185 29,
1152 1141 1230 1188 32).
1279 1142 1353 1177 Nec
1400 1141 1600 1176 Ahlwardti

353 1216 559 1261 conjectura
603 1217 771 1262 legentis:
807 1217 1048 1259 “crotalum'’,
1090 1217 1183 1261 quod
1222 1218 1436 1251 auctoritate
1474 1218 1602 1251 nititur

354 1290 485 1325 Mureti
515 1290 687 1325 librorum
717 1303 805 1336 opus
834 1295 907 1334 est,
938 1302 1056 1336 neque
1086 1290 1306 1325 credendum
1323 1294 1376 1325 est
1391 1291 1597 1325 Naudetio¹

351 1364 556 1410 perhibenti
581 1365 716 1399 nodum
742 1365 791 1398 ita
817 1364 905 1398 solvi
930 1376 1054 1410 posse,
1072 1365 1101 1398 si
1118 1366 1349 1411 tympanum,
1371 1364 1601 1412 qymnasium

350 1440 544 1485 ancipitem
589 1439 722 1474 habere
764 1440 938 1485 primam,
991 1451 1034 1473 ex
1078 1439 1252 1474 Prisciani
1296 1439 1371 1474 loco
1420 1440 1597 1474 didiceris.

351 1513 558 1548 Priscianus
597 1517 718 1548 autem
757 1514 859 1548 docet
898 1514 923 1556 l,
964 1526 1020 1555 m,
1056 1525 1099 1556 n,
1129 1525 1147 1547 1·
1176 1514 1325 1547 interire
1354 1517 1451 1557 tum,
1483 1526 1594 1560 quum

350 1592 620 1634 consequuntur
653 1589 811 1634 aliquam
850 1589 996 1623 brevem
1036 1588 1208 1634 syllabam
1244 1600 1323 1623 cum
1363 1590 1487 1635 quavis
1525 1589 1594 1623 alia

349 1666 579 1697 consonante.
629 1663 708 1698 Non
749 1664 840 1697 lianc
880 1663 1040 1707 regulam
1080 1663 1147 1697 sibi
1188 1663 1373 1708 proposuit
1410 1662 1588 1706 Catullus,

352 1737 413 1782 qui
452 1741 506 1771 ter
543 1738 577 1771 in
609 1749 694 1771 voce
728 1737 986 1782 “tympanum''
1017 1737 1189 1782 syllabam
1221 1737 1390 1782 produxit
1419 1739 1594 1782 primam3

349 1823 420 1845 non
453 1811 557 1846 docet
597 1811 801 1845 Priscianus
840 1811 1034 1856 ancipitem
1073 1811 1165 1845 effici
1195 1811 1430 1856 sequentibus
1455 1811 1593 1846 duobus

349 1885 650 1928 consonantibus,
690 1897 842 1930 quarum
872 1885 982 1918 altera
1015 1885 1168 1930 liquida,
1210 1885 1346 1918 nullum
1378 1886 1487 1930 igitur
1516 1885 1591 1929 ejus

347 1963 576 2005 praeceptum
606 1960 664 1993 hic
693 1960 808 1993 locum
838 1959 946 1993 habet
977 1961 1000 1992 ².

401 2034 582 2069 Posterius
612 2045 751 2068 comma
781 2045 903 2068 rursus
928 2034 1016 2067 duos
1042 2033 1181 2068 Ionicos
1206 2045 1226 2067 a
1247 2035 1387 2068 minore
1411 2035 1589 2073 continet,

346 2110 543 2154 perfectum
573 2109 724 2143 alterum
738 2136 745 2147 ,
762 2109 915 2142 alterum
935 2108 1100 2142 mutilum
1117 2111 1143 2142 ³.
1162 2108 1226 2148 (v
1238 2110 1586 2155 ,κῇ--αα-ἠ,

381 2259 389 2277 ¹
415 2257 450 2284 Ρ.
474 2257 542 2283 211.

378 2319 389 2337 :-
413 2316 582 2345 Praeclare
612 2318 794 2350 corruptum
828 2323 951 2343 versum
976 2318 993 2342 ‘.)
1021 2315 1243 2342 liavlnnanuus
1268 2316 1406 2343 correxit
1430 2317 1592 2352 “tgspanum

336 2378 457 2415 tnanffl,
489 2387 544 2413 pro
577 2378 740 2415 “lypanum
770 2377 892 2405 labans*
917 2378 1000 2413 quod
1024 2385 1116 2413 quam
1149 2377 1330 2412 languidum
1356 2379 1439 2405 esset.
1464 2378 1590 2412 ineptae

335 2441 431 2475 huJus
464 2441 524 2468 loci
558 2440 857 2474 interpretationes,
893 2446 987 2475 quas,
1021 2439 1046 2466 si
1078 2439 1143 2474 vis,
1174 2439 1245 2466 vide
1276 2439 1358 2473 apud
1383 2440 1588 2474 interpretes,

335 2502 413 2531 satis
435 2502 579 2537 probant.

374 2566 385 2585 ³
408 2563 536 2599 Nobbe,
560 2572 588 2599 p.
613 2564 659 2592 18.
