1892 3007
922 228 973 263 22

370 355 431 390 Sic
460 355 671 402 Propertius
701 355 752 399 ΙΙ,
783 354 869 401 (ΙΙΙ)
900 355 971 399 25,
1002 355 1045 390 3:

534 428 623 458 “Ista
645 429 725 458 meis
746 429 803 457 flet
824 428 995 457 notissima
1015 428 1118 456 forma
1138 427 1274 465 libellis,

572 490 673 521 Calve
695 492 751 520 tua
773 490 886 529 venia,
908 498 988 527 pace
1011 490 1138 520 Catulle
1159 488 1251 519 tua.'’

371 602 407 634 et
438 598 510 644 III,
540 599 611 644 33,
643 598 692 634 87
723 610 784 646 sq:

491 673 600 701 “Haec
622 680 752 709 quoque
774 672 889 701 lascivi
912 673 1084 701 cantarunt
1108 672 1229 707 scripta
1250 671 1369 701 Catulli

530 734 652 764 Lesbia
675 734 748 772 quis
771 734 842 770 ipsa
863 733 971 763 notior
994 734 1044 763 est
1065 733 1200 762 Helena.

491 798 580 827 Haec
602 797 698 827 etiam
722 797 810 826 docti
832 797 981 827 confessa
1002 798 1052 826 est
1073 797 1193 833 pagina
1214 796 1306 826 Calvi

531 859 611 888 Cum
635 860 767 888 caneret
788 859 926 888 miserae
949 859 1063 888 funera
1086 857 1294 895 Quintiliae.‘·

368 966 429 1002 Sic
457 966 634 1001 Horatius
664 965 756 1013 (Sat.
788 966 824 1011 Ι,
854 966 925 1011 10,
956 966 1043 1013 19);

489 1040 562 1069 “Nil
585 1041 717 1076 praeter
739 1039 874 1069 Calvum
897 1040 930 1069 et
953 1040 1068 1069 doctus
1090 1041 1221 1070 cantare
1246 1039 1418 1070 Catullum.

368 1147 428 1183 Sic
457 1148 597 1183 Plinius
625 1148 747 1184 minor
776 1148 839 1195 Ep.
869 1148 905 1193 Ι,
934 1147 1007 1194 16,
1033 1148 1080 1193 5,
1103 1148 1148 1183 de
1173 1146 1345 1195 Pompejo
1371 1145 1568 1183 Saturnino

313 1224 455 1259 dicens:

449 1295 645 1325 “Praeterea
669 1296 748 1325 facit
771 1303 900 1333 versus,
923 1296 1035 1333 quales
1058 1296 1205 1325 Catullus
1226 1297 1283 1325 aut
1307 1294 1464 1333 Calvus,''

369 1406 405 1438 et
430 1403 493 1450 Ep.
518 1403 568 1438 IV
579 1431 588 1448 ‚
605 1403 655 1438 27
667 1431 676 1448 ‚
693 1404 717 1438 4
728 1431 737 1448 ,
751 1403 813 1439 ubi
829 1404 1053 1451 poematium
1070 1403 1244 1439 describit
1259 1403 1375 1438 Sentii
1390 1403 1545 1450 Agurini
1556 1431 1565 1448 ‚

311 1478 414 1526 eujus
443 1480 481 1515 hi
510 1482 596 1515 sunt
620 1491 762 1516 versus:

488 1553 611 1583 “Canto
633 1553 777 1582 carmina
798 1553 945 1582 versibus
966 1553 1100 1583 minutis

483 1616 534 1646 his
557 1616 634 1645 olim
656 1616 775 1653 quibus
797 1617 944 1656 et-meus
967 1615 1116 1645 Catullus

484 1679 517 1707 et
541 1678 662 1707 Calvus
684 1677 910 1714 veteresque.”

363 1786 423 1822 Sic
451 1786 610 1833 denique
639 1786 776 1822 Gellius
805 1786 914 1832 XIX,
945 1785 988 1822 9:

445 1860 586 1897 “Ecquis
607 1862 790 1890 nostrorum
814 1862 983 1896 poetarum
1007 1862 1071 1890 tam
1093 1861 1232 1890 fluentes
1245 1860 1420 1890 carminum
1433 1860 1566 1890 delicias

401 1923 556 1952 fecisset?
579 1923 644 1952 nisi
669 1923 833 1958 Catullus,
857 1923 1027 1960 inquiunt,
1051 1923 1133 1952 forte
1156 1930 1258 1959 pauca
1277 1924 1309 1952 et
1322 1923 1442 1952 Calvus
1454 1922 1564 1951 itidem

401 1985 535 2021 pauca.''

362 2093 458 2129 Satis
488 2105 533 2130 ex
562 2094 619 2130 his
654 2093 824 2130 omnibus
853 2096 1002 2141 apparet
1029 2105 1102 2130 non
1131 2097 1274 2130 tantum
1302 2094 1446 2131 vinculo
1474 2096 1565 2131 ami-

306 2169 413 2204 citiae
451 2168 637 2205 Catullum
675 2181 759 2205 cum
794 2168 904 2204 Calvo
939 2169 1051 2205 fuisse
1086 2168 1343 2216 conjunctum,
1368 2171 1431 2206 sed
1452 2171 1563 2206 etiam

305 2245 491 2280 communi
516 2244 699 2280 bonarum
725 2245 862 2280 artium
889 2244 1021 2280 studio.
1048 2243 1163 2280 Otiosi
1177 2244 1334 2280 multum
1350 2257 1457 2293 saepe
1470 2246 1565 2282 luse-

304 2324 391 2356 runt
434 2324 471 2355 et
513 2331 628 2367 quum
657 2332 723 2367 per
760 2319 886 2366 jocum
926 2323 1038 2367 atque
1075 2321 1200 2356 vinum
1239 2322 1332 2357 alter
1368 2321 1563 2357 versiculos

304 2396 508 2443 scripsisset
536 2407 690 2431 numero
718 2396 827 2431 modo
856 2396 925 2431 hoc
950 2395 1060 2432 modo
1089 2395 1169 2441 illo,
1190 2396 1282 2432 alter
1317 2399 1446 2432 mutua
1481 2396 1564 2432 red-

303 2472 405 2507 didit.
449 2471 681 2519 Quantopere
719 2484 758 2507 se
795 2472 951 2507 invicem
981 2472 1194 2518 diligerent,
1222 2475 1322 2519 patet
1350 2484 1395 2508 ex
1421 2471 1562 2508 urbano

301 2551 338 2583 et
367 2548 495 2583 festivo
524 2549 667 2595 lepore,
698 2559 769 2595 quo
799 2548 961 2583 Catullus
990 2548 1150 2583 amicum
1172 2549 1407 2595 reprehendit
1435 2560 1463 2584 c.
1489 2547 1560 2594 14,
