1892 3007
965 221 1017 257 50

357 349 435 385 loco
447 377 456 394 ‚
481 360 591 396 quem
606 361 715 397 supra
729 349 958 385 laudavimus
973 350 1063 384 haec
1079 348 1245 396 Hyginus
1264 351 1273 371 ¹
1290 358 1298 382 :
1320 348 1447 385 “Hanc
1461 349 1611 385 Bereni-

355 427 444 461 “cen
474 425 642 461 nonnulli
666 414 747 461 cum
774 424 997 460 Callimacho
1028 425 1201 460 dixerunt
1229 436 1341 472 equos
1356 425 1473 469 alere,
1501 429 1537 460 et
1565 425 1611 460 ad

353 499 545 547 “Olympia
567 501 713 536 mittere
728 503 939 535 consuetam
963 500 1086 536 fuisse.
1113 500 1185 535 Alii
1209 500 1335 535 dicunt
1349 501 1419 536 hoc
1432 500 1607 547 amplius,

353 576 626 611 “Ptolemaeum
656 576 850 611 Berenices
878 579 1039 623 patrem,
1078 576 1313 611 multitudine
1336 576 1496 611 hostium
1527 587 1608 622 per-

352 652 563 697 “territum‚
588 652 674 699 fuga
702 652 856 688 salutem
884 652 1051 699 petiisse3
1076 652 1189 687 filiam
1217 656 1360 698 autem,
1389 664 1496 700 saepe
1524 663 1609 688 con-

353 730 537 773 “suetam,
562 728 742 763 insiluisse
765 728 804 762 in
827 739 983 774 equum,
1009 731 1045 763 et
1068 728 1245 774 reliquam
1275 729 1455 763 exercitus
1470 728 1610 774 copiam

351 804 624 848 “constituisse,
664 807 701 839 et
729 803 932 851 complures
961 804 1121 840 hostium
1165 803 1408 849 interfecisse,
1451 803 1610 851 reliquos

350 880 411 914 “in
435 880 560 925 fugam
575 879 791 926 conjecisse;
806 891 872 926 pro
889 891 960 927 quo
974 881 1085 915 etiam
1102 879 1346 915 Callimachus
1361 891 1440 915 eam
1458 891 1609 926 magna-

350 954 516 991 “nimam
545 956 648 991 dixit.
679 956 940 992 Eratosthenes
955 959 1078 992 autem
1107 956 1215 1001 dicit,
1244 958 1281 991 et
1305 954 1506 1002 virginibus
1521 955 1609 991 Les-

350 1031 442 1066 “biis
464 1031 586 1066 dotem
599 1059 608 1076 ‚
634 1043 744 1078 quam
771 1033 902 1078 cuique
925 1032 1091 1067 relictam
1107 1043 1129 1067 a
1143 1035 1295 1079 parente
1310 1043 1419 1067 nemo
1433 1031 1607 1075 solveret,

349 1106 519 1153 “jussisse
555 1107 679 1152 reddi,
709 1111 745 1143 et
775 1109 869 1143 inter
898 1119 959 1143 eas
988 1108 1219 1143 constituisse
1247 1107 1495 1155 petitionem.’'
1526 1108 1607 1143 Jam

348 1182 609 1217 Valckenaerio
630 1183 721 1217 haec
749 1183 873 1217 omnia
902 1184 995 1218 mira
1024 1186 1060 1218 et
1087 1194 1109 1218 a
1137 1184 1339 1219 recentiore
1367 1183 1606 1229 grammatico

345 1257 467 1304 aliquo
505 1257 641 1305 Hygini
679 1259 880 1293 narrationi
908 1258 1080 1305 adjuncta
1104 1258 1331 1295 videbantur.
1364 1259 1395 1294 A
1422 1236 1602 1306 pFioribus

345 1333 445 1368 enim
473 1333 563 1368 haec
591 1335 791 1381 separavit,
822 1338 858 1369 et
873 1335 1059 1370 confessus
1074 1338 1147 1379 est,
1177 1346 1216 1370 se
1245 1334 1333 1382 quid
1366 1334 1410 1370 de
1436 1334 1505 1370 illis
1521 1334 1607 1369 Les-

346 1409 458 1445 biacis
473 1410 676 1457 virginibus
692 1415 787 1447 esset
802 1411 997 1447 dicendum
1009 1440 1018 1457 ,
1034 1412 1174 1447 nescire
1185 1439 1194 1457 ,
1215 1412 1284 1447 nisi
1303 1411 1400 1458 quod
1415 1411 1604 1446 referenda

345 1489 467 1520 essent
491 1486 537 1521 ad
561 1498 603 1521 ea
615 1515 624 1528 ‚
650 1498 743 1533 quae
759 1488 796 1522 in
812 1488 959 1523 scholiis
976 1487 1195 1523 Arateorum
1209 1488 1419 1523 Germanici
1434 1488 1605 1533 leguntur

342 1573 375 1608 p.
406 1561 485 1597 114
513 1562 568 1597 ed.
599 1562 781 1599 Morelli2.
813 1562 914 1605 Quae
942 1564 1030 1611 quid
1058 1564 1266 1611 significent
1291 1575 1399 1599 nemo
1435 1567 1510 1610 est,
1541 1564 1603 1610 qui

343 1639 563 1683 cognoverit.
592 1638 646 1674 De
673 1639 824 1687 reliquis
853 1643 977 1675 autem
1007 1640 1058 1675 ita
1087 1640 1287 1687 disputavit
1317 1640 1605 1675 Valckenaerius

343 1716 385 1747 ut
408 1713 597 1760 probaret,
621 1715 682 1750 hic
705 1715 981 1762 intelligendam
1008 1727 1087 1751 esse
1112 1716 1291 1763 Diagorae
1317 1715 1454 1752 Rhodii
1471 1716 1605 1760 filiam,

341 1782 593 1841 Καλλιπάτέιραν
605 1791 740 1827 dictam
754 1820 763 1837 ‚
780 1792 866 1839 quia
880 1803 955 1827 non
970 1795 1114 1828 tantum
1131 1791 1262 1839 pugilis
1278 1791 1494 1827 nobilissimi
1510 1794 1605 1827 esset

344 1867 439 1911 filia,
459 1867 523 1902 sed
550 1867 661 1902 etiam
685 1871 810 1914 postea
832 1873 1011 1917 Φερενίκην,
1038 1868 1123 1914 quia
1139 1868 1317 1904 victorum
1334 1866 1605 1915 Olympicorum

345 1942 438 1987 filia,
454 1953 557 1978 soror
585 1945 622 1977 et
650 1945 769 1978 mater
798 1946 902 1978 esset.
920 1943 1075 1994 (Φερενίκη
1098 1946 1220 1978 autem
1236 1944 1353 1979 forma
1369 1946 1424 1979 est
1439 1942 1607 1978 Macedo-

346 2019 428 2053 nica
439 2046 448 2062 ‚
466 2029 538 2065 qua
555 2019 609 2053 uti
624 2018 790 2054 solebant
810 2019 965 2054 dialecto
981 2018 1220 2054 Alexandrini
1235 2030 1300 2066 pro
1315 2019 1482 2066 Βερενίκη.)
1508 2019 1607 2054 Haec

346 2094 421 2130 sola
452 2094 584 2130 mulier
612 2094 700 2139 fuit,
744 2095 801 2130 cui
830 2098 995 2142 spectare
1024 2095 1127 2131 ludos
1155 2095 1262 2131 licuit
1287 2094 1476 2143 Olympiae
1504 2107 1606 2143 gym-

390 2306 394 2323 ¹
420 2302 470 2331 Cf.
492 2302 576 2337 apud
604 2302 757 2331 Valcken.
780 2310 809 2337 p.
832 2302 889 2338 36,
912 2309 983 2338 sqq.
1010 2302 1119 2337 Haupt
1141 2302 1178 2338 Q.
1202 2301 1238 2331 C.
1262 2310 1291 2337 p.
1313 2303 1451 2339 8·Z‚sqq.

387 2366 398 2385 ’-’
422 2365 498 2400 Ipsc-
523 2363 776 2393 Valckenaerius
794 2364 898 2392 locum
917 2363 1028 2392 attulit
1050 2372 1080 2399 p.
1103 2364 1160 2401 43,
1183 2364 1301 2400 Haupt.
1324 2373 1354 2400 p.
1366 2365 1421 2394 83:
1436 2365 1617 2395 “Vident-ut

348 2427 450 2456 “aliae
480 2427 594 2455 stellae
623 2427 778 2455 obscurae
809 2427 931 2462 septem
958 2427 1054 2462 juxta
1082 2426 1215 2456 caudam
1245 2428 1316 2462 ejus
1339 2429 1513 2466 (Leonis),
1532 2437 1614 2466 quae

349 2490 526 2518 “vocantur
559 2489 665 2518 crines
697 2490 871 2518 Berenices
907 2491 939 2518 et
965 2491 1039 2518 sunt
1062 2497 1171 2519 earum
1200 2490 1377 2528 virginum,
1400 2499 1483 2528 quae
1516 2492 1614 2521 Lesbi

351 2550 568 2590 “perierunt.⁷'
