1892 3007
944 214 995 251 62

338 341 522 386 dolorem,
562 353 672 389 quem
710 341 824 377 sensit
860 352 987 377 recens
1024 344 1137 389 nupta
1175 341 1287 377 flebili
1326 342 1401 378 cari
1430 340 1594 388 conjugis

336 418 508 462 discidio,
540 419 631 453 haec
659 418 781 453 omnia
810 417 862 453 ita
885 417 1066 465 descripta
1096 420 1201 463 sunt,
1240 420 1283 453 ut
1309 428 1428 465 neque
1456 418 1495 453 in
1525 417 1594 453 hac

337 494 447 529 nimis
463 494 569 529 docta
591 493 706 540 elegia
728 493 884 529 liberum
897 492 1028 529 Catulli
1044 496 1081 529 et
1097 505 1181 529 vere
1205 494 1386 541 poeticum
1402 493 1593 540 ingenium

336 580 483 615 prorsus
508 569 724 604 suffocatum
741 579 820 604 esse
833 596 842 613 ,
859 568 990 615 gaudio
1015 568 1276 615 praedicemus.
1586 557 1589 559 ’

363 644 396 679 Α
406 655 491 679 vero
506 644 679 680 abhorret
689 644 880 690 judicium,
890 644 984 691 quod
1001 655 1066 691 per
1081 644 1197 679 multa
1209 644 1329 680 secula
1344 644 1388 679 de
1399 644 1468 680 hac
1477 643 1592 690 elegia

334 720 448 755 latum
474 722 548 763 est,
570 730 592 754 a
606 730 691 754 vero
714 722 882 755 nostrum
898 730 1043 766 quoque
1059 718 1291 764 abhorreret,
1309 719 1379 754 nisi
1395 721 1430 754 et
1445 718 1540 754 mala
1556 721 1592 753 et

334 796 450 840 bona,
489 807 583 842 quae
625 796 662 830 in
702 807 745 831 ea
783 796 1032 843 reperiantur,
1063 795 1173 831 simul
1202 795 1461 831 indicaremus.
1491 794 1592 830 Licet

334 872 411 906 fere
425 881 553 906 omnes
568 871 635 906 viri
650 870 853 906 doctissimi
870 871 940 907 hoc
952 882 1084 918 poema
1103 870 1267 906 dixerint
1281 870 1568 918 pulcherrimum
1579 898 1588 915 ‚

334 947 420 982 licet
447 947 576 991 fuerit,
604 947 667 993 qui
696 947 794 982 hanc
827 947 1019 993 protulerit
1057 947 1285 993 opinionem:
1316 946 1370 981 “Il
1398 959 1421 993 y
1449 958 1472 981 a
1499 946 1590 982 dans

334 1021 390 1057 “la
428 1021 648 1068 description
677 1021 722 1056 de
750 1024 844 1059 cette
872 1022 1067 1069 apotheose
1095 1033 1146 1057 un
1175 1022 1347 1067 charme,
1377 1021 1466 1068 qu'il
1495 1021 1588 1056 n’est

339 1097 484 1133 “donne
513 1098 598 1144 qu'a
623 1098 657 1152 la
685 1098 807 1144 poesie
829 1098 928 1133 seule
952 1098 997 1133 de
1010 1098 1189 1144 repandre
1204 1109 1267 1133 sur
1280 1098 1315 1132 la
1329 1098 1462 1145 pensee
1477 1100 1514 1132 et
1527 1108 1590 1132 sur

336 1174 393 1209 “la
409 1174 554 1221 parole”
574 1176 583 1195 ¹
598 1201 607 1218 ‚
621 1174 830 1220 communis
846 1184 975 1209 sensus
991 1174 1115 1209 statim
1132 1184 1433 1220 unumquemque
1449 1172 1592 1208 docebit

335 1250 426 1284 tal‘es
449 1249 575 1284 laudes
600 1249 715 1283 nimio
740 1249 970 1295 antiquitatis
994 1250 1110 1283 amori
1134 1260 1212 1284 esse
1227 1248 1449 1283 tribuendas.
1466 1248 1589 1294 Ipsum

335 1336 465 1372 poema
489 1324 741 1359 testimonium
766 1324 836 1359 fert
860 1324 976 1371 turpis
1000 1335 1086 1371 erga
1101 1335 1226 1371 regem
1241 1308 1480 1368 adulationis,
1496 1333 1589 1370 quae

336 1404 501 1447 tempore
517 1399 730 1434 Callimachi
747 1400 993 1434 Alexandriae
1007 1400 1194 1435 obtinebat
1210 1402 1224 1422 ²
1233 1427 1243 1444 ,
1259 1400 1362 1434 testis
1387 1402 1441 1434 est
1456 1399 1589 1433 doctri—

336 1488 405 1513 nae
429 1480 619 1524 poetarum
646 1476 1000 1521 Alexandrinorum,
1026 1488 1136 1523 quam
1161 1476 1229 1512 sibi
1259 1475 1421 1512 Catullus
1445 1487 1589 1523 quoque

336 1555 629 1599 comparaverat,
667 1552 853 1587 uberrime
890 1552 994 1587 docet
1033 1552 1266 1587 artificiosam
1305 1552 1401 1586 hanc
1442 1551 1587 1597 poaein,

336 1627 566 1674 aequiparari
606 1638 679 1662 non
709 1638 813 1674 posse
848 1628 899 1673 ei,
941 1639 1035 1674 quae
1064 1628 1204 1663 fructus
1232 1630 1286 1662 est
1314 1627 1409 1662 dotis
1436 1629 1589 1661 naturae

336 1706 372 1737 et
396 1703 535 1749 ingenii
546 1730 555 1746 ‚
577 1702 707 1749 probat
721 1702 879 1749 denique
894 1701 1077 1737 Catullum
1093 1702 1282 1737 meliorem
1299 1702 1409 1736 fuisse
1423 1704 1568 1748 poetam
1579 1728 1589 1745 ‚

335 1759 445 1825 quam
489 1778 550 1824 qui
593 1778 631 1812 in
672 1776 805 1812 talibus
843 1778 1065 1813 carminibus
1103 1777 1362 1823 componendis
1399 1776 1518 1811 oleum
1551 1779 1609 1811 etr

336 1865 482 1902 operam
512 1853 690 1901 perderet.

374 1982 379 1999 ¹
406 1978 444 2006 In
467 1977 695 2007 dissertatione
717 1978 757 2006 de
782 1978 928 2014 Catullo,
962 1985 1057 2013 quam
1080 1977 1209 2012 scripsit
1230 1977 1328 2005 abbas
1351 1976 1446 2006 Conti
1469 1976 1593 2014 italice,

329 2041 453 2070 Gallice
482 2040 582 2069 vertit
609 2040 708 2069 abbas
727 2040 876 2076 Arnaud‚
899 2047 1048 2076 quaeque
1070 2039 1190 2075 legitur
1211 2047 1241 2074 p.
1262 2040 1339 2075 410,
1363 2047 1422 2075 sqq
1443 2039 1594 2067 editionis

329 2102 467 2139 Catulli,
490 2110 584 2139 qnam
606 2102 734 2131 curavit
756 2102 952 2139 Nandetius‚
975 2110 1005 2137 p.
1027 2102 1098 2130 421.

370 2168 382 2187 ²
397 2166 517 2194 Facete
530 2165 786 2194 Valckenacrius
795 2166 887 2201 p.44:
898 2164 1023 2201 “neque
1037 2166 1087 2193 est
1098 2163 1333 2201 credibile,tali
1344 2163 1527 2201 mendacio,
1538 2165 1595 2193 aut

331 2228 446 2257 “etiam
466 2227 494 2270 si
517 2228 589 2264 quis
612 2227 658 2256 ita
670 2226 759 2264 velit,
768 2227 937 2263 sacrilegio
945 2226 1595 2264 Mathematicumabsterritum,Deorum-

330 2290 412 2327 “que
426 2290 600 2318 vindictam
620 2290 794 2318 reveritum
806 2311 813 2325 ,
838 2289 1001 2325 (quamvis
1012 2290 1124 2317 essent
1137 2288 1269 2317 istarum
1283 2288 1448 2324 regionum
1460 2288 1594 2317 coelites

330 2352 504 2388 “regaliter
521 2352 712 2385 irritabiles,
738 2352 911 2388 laesaeque
934 2351 1114 2387 majestatis
1138 2358 1234 2387 saepe
1256 2351 1402 2381 vindices
1412 2352 1594 2389 acerrimi),

330 2414 469 2450 “quippe
497 2414 552 2450 qui
581 2414 774 2449 potentioris
804 2415 890 2442 esset
919 2413 1084 2449 Numinis,
1114 2413 1163 2442 sui
1192 2413 1375 2449 sodalisque
1405 2413 1593 2442 Callimachi

330 2475 578 2513 “amantissimi,
602 2475 783 2505 Ptolemaei
804 2476 988 2511 Eum-getae
1009 2474 1189 2511 patrocinio
1210 2474 1331 2504 tutus''.
