1892 3007
893 270 918 305 5

283 405 426 429 mecum
468 395 626 439 censuit,
665 406 747 430 eam
790 407 834 431 ex
877 394 1008 431 Catulli
1051 396 1231 440 carmine,
1268 386 1383 443 'supra
1425 394 1533 432 allato
1578 405 1582 408 ·

282 468 466 515 pueriliter
498 479 577 503 esse
613 469 815 504 confictam.
851 468 968 515 Hujus
1008 470 1119 515 igitur
1151 468 1282 516 lapidis
1316 470 1453 504 nullam
1487 470 1533 504 ad

281 555 502 590 praenomen
528 544 606 590 Caji
628 544 922 580 confirmandum
946 556 1025 581 esse
1047 546 1303 581 auctoritatem
1325 546 1533 581 statuimus

283 617 361 666 Ipse
394 618 485 665 lapis
514 622 550 654 et
573 618 681 654 hodie
708 618 874 654 Veronae
902 622 1034 655 exstat.

337 695 452 736 Quem
483 695 589 730 modo
611 695 861 739 laudavimus,
888 694 1101 730 Schwabius
1120 699 1129 717 ¹
1156 695 1263 741 longa
1288 695 1534 742 disputatione

284 772 433 805 conatus
456 772 511 805 est
534 769 613 816 Gaji
637 774 861 816 praenomen
884 770 1078 805 defendere
1102 773 1139 805 et
1163 769 1213 804 ita
1233 780 1313 804 rem
1328 770 1532 816 expedivit,

284 848 324 880 ut
351 845 508 891 primum
537 848 771 890 argumenta,
801 845 932 891 quibus
970 845 1095 887 Quinti
1123 856 1347 891 praenomen
1377 845 1526 889 nititur,

284 920 477 964 refutaret,
493 920 622 955 deinde
646 920 814 967 probaret
842 920 972 955 falsum
998 931 1221 967 praenomen
1245 923 1374 967 poetae
1403 920 1530 955 datum

285 1006 383 1039 esse,
413 984 516 1041 quia>
536 1007 556 1030 a
584 996 765 1042 plerisque
795 996 1039 1032 confundatur
1067 1008 1150 1045 cum
1179 996 1220 1037 Q.
1253 996 1382 1032 Catulo
1410 999 1537 1043 poeta,

284 1069 441 1117 denique
460 1073 675 1116 argumenta
698 1071 877 1117 proferret
888 1099 896 1115 ,
913 1070 1044 1117 quibus
1059 1071 1189 1106 nititur
1204 1070 1284 1117 Gaji
1301 1082 1535 1118 praenomen.

285 1145 369 1181 Tria
397 1147 583 1193 proposuit
609 1150 847 1192 argumenta,
872 1146 1003 1193 quibus
1031 1147 1208 1181 adductus
1235 1149 1310 1191 est,
1344 1150 1384 1181 ut
1413 1146 1538 1188 Quinti

284 1232 505 1268 praenomen
534 1221 710 1267 rejiceret.

339 1295 419 1331 Hoc
441 1296 539 1330 enim
563 1296 691 1330 nititur
712 1297 927 1331 auctoritate
953 1296 1126 1331 Codicum
1152 1295 1358 1340 Cujaciani,
1384 1296 1537 1340 Datami,

287 1372 537 1416 Riccardiani,
589 1375 624 1407 et
672 1372 835 1407 omnium
883 1372 990 1407 Plinii
1039 1372 1216 1407 codicum.
1262 1371 1309 1407 Ut
1351 1371 1537 1418 Cujaciani

287 1447 540 1482 auctoritatem
565 1447 788 1490 infirmaret,
812 1446 935 1481 attulit
963 1449 1122 1501 aetatem
1153 1447 1287 1482 codicis
1316 1447 1449 1493 quippe
1477 1448 1538 1493 qui

286 1523 486 1568 descriptus
510 1522 557 1557 sit
580 1534 676 1557 anno
700 1521 817 1557 1469.
843 1522 1017 1557 Attamen
1035 1534 1182 1557 necesse
1199 1525 1256 1557 est
1271 1534 1315 1557 ex
1332 1522 1538 1569 antiquiore

288 1597 378 1632 libro
403 1596 603 1643 descriptus
627 1597 694 1640 sit,
710 1607 820 1643 quem
836 1596 1031 1630 admodum
1054 1597 1253 1631 verisimile
1267 1600 1321 1631 est
1336 1597 1431 1631 idem
1450 1597 1537 1631 illud

287 1672 494 1708 exhibuisse
517 1683 738 1719 praenomen
764 1671 900 1714 Quinti.
927 1671 1109 1707 Datanum
1133 1675 1168 1707 et
1194 1672 1476 1708 Riccardianum
1496 1684 1541 1708 ex

285 1760 359 1783 uno
374 1748 575 1794 eodemque
590 1748 690 1783 fonte
704 1748 852 1783 fluxisse
865 1775 874 1791 ‚
890 1747 1016 1782 multis
1031 1747 1178 1794 utrique
1195 1747 1309 1783 codici
1324 1747 1540 1783 lectionibus

287 1824 440 1870 propriis
454 1823 716 1859 demonstravit
730 1821 954 1858 Schwabius.
968 1823 1016 1857 At
1030 1834 1073 1857 ea
1089 1822 1334 1869 disputatione
1350 1835 1407 1858 me
1418 1822 1542 1869 judice

289 1898 447 1933 firmavit
458 1925 466 1941 ,
482 1909 555 1933 non
570 1898 740 1933 refutavit
754 1898 1001 1944 praenominis
1017 1897 1142 1938 Quinti
1158 1901 1423 1932 auctoritatem.
1442 1898 1542 1933 Licet

287 1973 384 2008 enim
414 1973 529 2008 multa
555 1973 699 2019 propria
728 1976 765 2008 et
793 1972 1002 2007 communia
1030 1972 1171 2007 codices
1200 1972 1363 2007 Datanus
1394 1975 1431 2007 et
1456 1973 1540 2008 Ric-

288 2049 482 2084 cardianus
520 2048 697 2093 habeant,
736 2048 845 2083 nimis
884 2048 979 2083 inter
1016 2059 1095 2083 sese
1133 2048 1324 2090 differunt,
1361 2059 1469 2094 quam
1500 2051 1542 2083 ut

287 2124 440 2159 alterum
484 2135 529 2158 ex
565 2123 678 2158 altero
717 2135 795 2159 esse
834 2123 1053 2170 descriptum
1092 2123 1231 2170 opinari
1268 2124 1394 2170 possis.
1444 2123 1539 2165 Quid

289 2199 428 2245 igitur?
467 2199 520 2233 Ex
548 2210 621 2234 uno
650 2199 852 2245 eodemque
889 2199 1094 2245 antiquiore
1119 2200 1217 2234 sonte
1244 2199 1449 2243 fluxerunt,
1479 2199 1540 2245 qui

290 2268 415 2315 Q‘uinti
445 2285 664 2320 praenomen
697 2274 901 2309 exhibebat.
934 2272 995 2309 Sic
1021 2285 1166 2320 quoque
1193 2274 1421 2319 redarguisse
1449 2275 1539 2309 mihi

292 2349 415 2384 videor
461 2348 692 2384 Schwabium
737 2349 1012 2396 perhibentem,
1042 2349 1318 2396 interpolatione
1361 2348 1545 2384 uberrime

289 2424 488 2471 pullulante
529 2424 565 2458 in
609 2424 844 2470 inscriptione
881 2424 1046 2459 codicum
1095 2423 1400 2467 Catullianorum,
1452 2423 1538 2458 illud

336 2590 342 2606 ¹
366 2585 456 2616 Libri
480 2584 600 2614 laudati
623 2592 674 2621 pp.
697 2585 807 2614 5—24.
