<?xml version="1.0" encoding="UTF-8"?>
<!DOCTYPE html PUBLIC "-//W3C//DTD XHTML 1.0 Transitional//EN"
    "http://www.w3.org/TR/xhtml1/DTD/xhtml1-transitional.dtd">
<html xmlns="http://www.w3.org/1999/xhtml" xml:lang="en" lang="en">
 <head>
  <title>
</title>
<meta http-equiv="Content-Type" content="text/html;charset=utf-8" />
  <meta name='ocr-system' content='tesseract 3.04.00' />
  <meta name='ocr-capabilities' content='ocr_page ocr_carea ocr_par ocr_line ocrx_word'/>
</head>
<body>
  <div class='ocr_page' id='page_1' title='image "./4738081_0140.png"; bbox 0 0 1892 3007; ppageno 0'>
   <div class='ocr_carea' id='block_1_1' title="bbox 846 221 924 257">
    <p class='ocr_par' dir='ltr' id='par_1_1' title="bbox 846 221 924 257">
     <span class='ocr_line' id='line_1_1' title="bbox 846 221 924 257; baseline 0 -1"><span class='ocrx_word' id='word_1_1' title='bbox 846 221 924 257; x_wconf 89' lang='grc'><strong>117</strong></span> 
     </span>
    </p>
   </div>
   <div class='ocr_carea' id='block_1_2' title="bbox 267 346 1520 1742">
    <p class='ocr_par' dir='ltr' id='par_1_2' title="bbox 267 346 1515 543">
     <span class='ocr_line' id='line_1_2' title="bbox 267 346 1515 401; baseline -0.001 -19"><span class='ocrx_word' id='word_1_2' title='bbox 267 347 540 401; x_wconf 82' lang='lat' dir='ltr'><strong>disputationis,</strong></span> <span class='ocrx_word' id='word_1_3' title='bbox 578 346 739 383; x_wconf 88' lang='lat' dir='ltr'>Clodiam</span> <span class='ocrx_word' id='word_1_4' title='bbox 783 347 1086 389; x_wconf 84' lang='lat' dir='ltr'><strong>Quadrantariam</strong></span> <span class='ocrx_word' id='word_1_5' title='bbox 1130 358 1152 382; x_wconf 86' lang='lat' dir='ltr'><strong>a</strong></span> <span class='ocrx_word' id='word_1_6' title='bbox 1195 346 1336 382; x_wconf 87' lang='lat' dir='ltr'><strong>Catullo</strong></span> <span class='ocrx_word' id='word_1_7' title='bbox 1365 346 1515 381; x_wconf 49' lang='lat' dir='ltr'><strong>Lesbiae</strong></span> 
     </span>
     <span class='ocr_line' id='line_1_3' title="bbox 267 421 1515 469; baseline 0 -13"><span class='ocrx_word' id='word_1_8' title='bbox 267 422 415 457; x_wconf 91' lang='lat' dir='ltr'><strong>nomine</strong></span> <span class='ocrx_word' id='word_1_9' title='bbox 452 421 537 457; x_wconf 81' lang='lat' dir='ltr'><strong>ficto</strong></span> <span class='ocrx_word' id='word_1_10' title='bbox 570 422 812 468; x_wconf 84' lang='lat' dir='ltr'><strong>significatam</strong></span> <span class='ocrx_word' id='word_1_11' title='bbox 842 433 931 458; x_wconf 83' lang='lat' dir='ltr'><strong>esse.</strong></span> <span class='ocrx_word' id='word_1_12' title='bbox 961 422 1102 458; x_wconf 86' lang='lat' dir='ltr'>Deinde</span> <span class='ocrx_word' id='word_1_13' title='bbox 1131 432 1244 469; x_wconf 88' lang='lat' dir='ltr'><strong>pauca</strong></span> <span class='ocrx_word' id='word_1_14' title='bbox 1272 422 1381 466; x_wconf 85' lang='lat' dir='ltr'><strong>dixit,</strong></span> <span class='ocrx_word' id='word_1_15' title='bbox 1409 424 1450 457; x_wconf 92' lang='lat' dir='ltr'><strong>ut</strong></span> <span class='ocrx_word' id='word_1_16' title='bbox 1477 422 1515 456; x_wconf 91' lang='lat' dir='ltr'><strong>in</strong></span> 
     </span>
     <span class='ocr_line' id='line_1_4' title="bbox 267 482 1513 543; baseline 0 -12"><span class='ocrx_word' id='word_1_17' title='bbox 267 497 481 532; x_wconf 84' lang='lat' dir='ltr'><strong>universum</strong></span> <span class='ocrx_word' id='word_1_18' title='bbox 519 499 688 532; x_wconf 88' lang='lat' dir='ltr'><strong>naturam</strong></span> <span class='ocrx_word' id='word_1_19' title='bbox 726 497 860 532; x_wconf 89' lang='lat' dir='ltr'><strong>amoris</strong></span> <span class='ocrx_word' id='word_1_20' title='bbox 901 496 998 532; x_wconf 86' lang='lat' dir='ltr'><strong>illius</strong></span> <span class='ocrx_word' id='word_1_21' title='bbox 1038 500 1074 532; x_wconf 92' lang='lat' dir='ltr'><strong>et</strong></span> <span class='ocrx_word' id='word_1_22' title='bbox 1110 482 1269 532; x_wconf 90' lang='lat' dir='ltr'><strong>indolem</strong></span> <span class='ocrx_word' id='word_1_23' title='bbox 1307 496 1513 543; x_wconf 87' lang='lat' dir='ltr'><strong>explicaret.</strong></span> 
     </span>
    </p>

    <p class='ocr_par' dir='ltr' id='par_1_3' title="bbox 270 571 1520 1742">
     <span class='ocr_line' id='line_1_5' title="bbox 322 571 1516 619; baseline 0 -12"><span class='ocrx_word' id='word_1_24' title='bbox 322 571 427 613; x_wconf 85' lang='lat' dir='ltr'><strong>Quod</strong></span> <span class='ocrx_word' id='word_1_25' title='bbox 454 572 506 607; x_wconf 89' lang='lat' dir='ltr'><strong>ita</strong></span> <span class='ocrx_word' id='word_1_26' title='bbox 530 572 647 607; x_wconf 75' lang='lat' dir='ltr'><strong>fecit:v</strong></span> <span class='ocrx_word' id='word_1_27' title='bbox 666 572 858 607; x_wconf 80' lang='lat' dir='ltr'><strong>“Arbitror</strong></span> <span class='ocrx_word' id='word_1_28' title='bbox 885 571 1016 608; x_wconf 90' lang='lat' dir='ltr'><strong>Catulli</strong></span> <span class='ocrx_word' id='word_1_29' title='bbox 1040 584 1165 608; x_wconf 89' lang='lat' dir='ltr'><strong>amore</strong></span> <span class='ocrx_word' id='word_1_30' title='bbox 1189 576 1225 608; x_wconf 93' lang='lat' dir='ltr'><strong>et</strong></span> <span class='ocrx_word' id='word_1_31' title='bbox 1248 572 1402 619; x_wconf 85' lang='lat' dir='ltr'><strong>pietate,</strong></span> <span class='ocrx_word' id='word_1_32' title='bbox 1432 572 1516 607; x_wconf 89' lang='lat' dir='ltr'><strong>inde</strong></span> 
     </span>
     <span class='ocr_line' id='line_1_6' title="bbox 271 646 1517 693; baseline -0.001 -12"><span class='ocrx_word' id='word_1_33' title='bbox 271 646 340 681; x_wconf 89' lang='lat' dir='ltr'><strong>“ab</strong></span> <span class='ocrx_word' id='word_1_34' title='bbox 376 657 418 681; x_wconf 91' lang='lat' dir='ltr'><strong>eo</strong></span> <span class='ocrx_word' id='word_1_35' title='bbox 455 649 640 693; x_wconf 89' lang='lat' dir='ltr'><strong>tempore,</strong></span> <span class='ocrx_word' id='word_1_36' title='bbox 676 658 748 693; x_wconf 89' lang='lat' dir='ltr'><strong>quo</strong></span> <span class='ocrx_word' id='word_1_37' title='bbox 791 647 1019 682; x_wconf 83' lang='lat' dir='ltr'><strong>necessitudo</strong></span> <span class='ocrx_word' id='word_1_38' title='bbox 1059 647 1238 693; x_wconf 86' lang='lat' dir='ltr'><strong>quaedam</strong></span> <span class='ocrx_word' id='word_1_39' title='bbox 1267 647 1363 681; x_wconf 86' lang='lat' dir='ltr'><strong>inter</strong></span> <span class='ocrx_word' id='word_1_40' title='bbox 1390 646 1517 681; x_wconf 88' lang='lat' dir='ltr'><strong>ambos</strong></span> 
     </span>
     <span class='ocr_line' id='line_1_7' title="bbox 273 720 1516 769; baseline 0 -13"><span class='ocrx_word' id='word_1_41' title='bbox 273 720 519 756; x_wconf 75' lang='lat' dir='ltr'><strong>“intercedere</strong></span> <span class='ocrx_word' id='word_1_42' title='bbox 547 722 682 768; x_wconf 85' lang='lat' dir='ltr'><strong>coepit,</strong></span> <span class='ocrx_word' id='word_1_43' title='bbox 713 720 876 757; x_wconf 87' lang='lat' dir='ltr'><strong>Clodiam</strong></span> <span class='ocrx_word' id='word_1_44' title='bbox 903 723 1056 769; x_wconf 74' lang='lat' dir='ltr'><strong>turpiter</strong></span> <span class='ocrx_word' id='word_1_45' title='bbox 1080 722 1230 757; x_wconf 83' lang='lat' dir='ltr'><strong>abusam</strong></span> <span class='ocrx_word' id='word_1_46' title='bbox 1254 733 1344 758; x_wconf 85' lang='lat' dir='ltr'><strong>esse.</strong></span> <span class='ocrx_word' id='word_1_47' title='bbox 1370 721 1516 757; x_wconf 85' lang='lat' dir='ltr'><strong>Clodiae</strong></span> 
     </span>
     <span class='ocr_line' id='line_1_8' title="bbox 271 795 1513 843; baseline 0 -13"><span class='ocrx_word' id='word_1_48' title='bbox 271 796 410 838; x_wconf 86' lang='lat' dir='ltr'><strong>“enim,</strong></span> <span class='ocrx_word' id='word_1_49' title='bbox 427 795 587 830; x_wconf 89' lang='lat' dir='ltr'><strong>mulieris</strong></span> <span class='ocrx_word' id='word_1_50' title='bbox 610 795 824 831; x_wconf 83' lang='lat' dir='ltr'><strong>libidinosae</strong></span> <span class='ocrx_word' id='word_1_51' title='bbox 848 796 1118 843; x_wconf 86' lang='lat' dir='ltr'><strong>pulchritudine</strong></span> <span class='ocrx_word' id='word_1_52' title='bbox 1143 797 1513 843; x_wconf 89' lang='lat' dir='ltr'><strong>insigni,ceterisque</strong></span> 
     </span>
     <span class='ocr_line' id='line_1_9' title="bbox 270 870 1518 924; baseline 0 -19"><span class='ocrx_word' id='word_1_53' title='bbox 270 870 481 906; x_wconf 85' lang='lat' dir='ltr'><strong>“lenociniis</strong></span> <span class='ocrx_word' id='word_1_54' title='bbox 502 870 633 905; x_wconf 86' lang='lat' dir='ltr'><strong>Catulli</strong></span> <span class='ocrx_word' id='word_1_55' title='bbox 656 872 818 906; x_wconf 86' lang='lat' dir='ltr'><strong>animum</strong></span> <span class='ocrx_word' id='word_1_56' title='bbox 844 872 1044 918; x_wconf 80' lang='lat' dir='ltr'><strong>simplicem</strong></span> <span class='ocrx_word' id='word_1_57' title='bbox 1069 875 1105 924; x_wconf 86' lang='lat' dir='ltr'><strong>et</strong></span> <span class='ocrx_word' id='word_1_58' title='bbox 1128 874 1294 918; x_wconf 90' lang='lat' dir='ltr'><strong>apertum</strong></span> <span class='ocrx_word' id='word_1_59' title='bbox 1309 871 1518 917; x_wconf 87' lang='lat' dir='ltr'><strong>artiumque</strong></span> 
     </span>
     <span class='ocr_line' id='line_1_10' title="bbox 272 945 1516 998; baseline 0.001 -18"><span class='ocrx_word' id='word_1_60' title='bbox 272 945 583 981; x_wconf 81' lang='lat' dir='ltr'><strong>“meretriciamm</strong></span> <span class='ocrx_word' id='word_1_61' title='bbox 613 946 780 991; x_wconf 89' lang='lat' dir='ltr'><strong>ignarum</strong></span> <span class='ocrx_word' id='word_1_62' title='bbox 811 946 1060 981; x_wconf 87' lang='lat' dir='ltr'><strong>incredibilem</strong></span> <span class='ocrx_word' id='word_1_63' title='bbox 1089 947 1164 981; x_wconf 87' lang='lat' dir='ltr'><strong>fere</strong></span> <span class='ocrx_word' id='word_1_64' title='bbox 1191 947 1228 981; x_wconf 91' lang='lat' dir='ltr'><strong>in</strong></span> <span class='ocrx_word' id='word_1_65' title='bbox 1258 945 1409 998; x_wconf 85' lang='lat' dir='ltr'><strong>modurn</strong></span> <span class='ocrx_word' id='word_1_66' title='bbox 1434 957 1516 992; x_wconf 87' lang='lat' dir='ltr'><strong>cap-</strong></span> 
     </span>
     <span class='ocr_line' id='line_1_11' title="bbox 273 1020 1519 1067; baseline 0 -12"><span class='ocrx_word' id='word_1_67' title='bbox 273 1020 374 1055; x_wconf 88' lang='lat' dir='ltr'><strong>“tum</strong></span> <span class='ocrx_word' id='word_1_68' title='bbox 414 1024 451 1055; x_wconf 90' lang='lat' dir='ltr'><strong>et</strong></span> <span class='ocrx_word' id='word_1_69' title='bbox 486 1020 578 1055; x_wconf 88' lang='lat' dir='ltr'><strong>adeo</strong></span> <span class='ocrx_word' id='word_1_70' title='bbox 621 1020 802 1055; x_wconf 89' lang='lat' dir='ltr'><strong>irretitum</strong></span> <span class='ocrx_word' id='word_1_71' title='bbox 842 1032 937 1065; x_wconf 87' lang='lat' dir='ltr'><strong>esse,</strong></span> <span class='ocrx_word' id='word_1_72' title='bbox 972 1024 1014 1055; x_wconf 89' lang='lat' dir='ltr'><strong>ut</strong></span> <span class='ocrx_word' id='word_1_73' title='bbox 1051 1024 1156 1067; x_wconf 90' lang='lat' dir='ltr'><strong>poeta</strong></span> <span class='ocrx_word' id='word_1_74' title='bbox 1194 1032 1240 1055; x_wconf 90' lang='lat' dir='ltr'><strong>ne</strong></span> <span class='ocrx_word' id='word_1_75' title='bbox 1276 1021 1519 1066; x_wconf 88' lang='lat' dir='ltr'><strong>suspicaretur</strong></span> 
     </span>
     <span class='ocr_line' id='line_1_12' title="bbox 274 1093 1519 1142; baseline -0.001 -12"><span class='ocrx_word' id='word_1_76' title='bbox 274 1095 444 1142; x_wconf 88' lang='lat' dir='ltr'><strong>“quidem</strong></span> <span class='ocrx_word' id='word_1_77' title='bbox 485 1107 523 1130; x_wconf 92' lang='lat' dir='ltr'><strong>se</strong></span> <span class='ocrx_word' id='word_1_78' title='bbox 560 1107 580 1130; x_wconf 88' lang='lat' dir='ltr'><strong>a</strong></span> <span class='ocrx_word' id='word_1_79' title='bbox 614 1093 739 1129; x_wconf 87' lang='lat' dir='ltr'><strong>Clodia</strong></span> <span class='ocrx_word' id='word_1_80' title='bbox 772 1095 845 1129; x_wconf 87' lang='lat' dir='ltr'><strong>falli</strong></span> <span class='ocrx_word' id='word_1_81' title='bbox 870 1107 994 1141; x_wconf 89' lang='lat' dir='ltr'><strong>posse,</strong></span> <span class='ocrx_word' id='word_1_82' title='bbox 1019 1095 1153 1130; x_wconf 90' lang='lat' dir='ltr'><strong>nedum</strong></span> <span class='ocrx_word' id='word_1_83' title='bbox 1182 1107 1222 1130; x_wconf 91' lang='lat' dir='ltr'><strong>re</strong></span> <span class='ocrx_word' id='word_1_84' title='bbox 1251 1106 1335 1130; x_wconf 91' lang='lat' dir='ltr'><strong>vera</strong></span> <span class='ocrx_word' id='word_1_85' title='bbox 1359 1095 1452 1130; x_wconf 85' lang='lat' dir='ltr'><strong>falli:</strong></span> <span class='ocrx_word' id='word_1_86' title='bbox 1478 1098 1519 1129; x_wconf 92' lang='lat' dir='ltr'><strong>ut</strong></span> 
     </span>
     <span class='ocr_line' id='line_1_13' title="bbox 272 1170 1520 1217; baseline 0 -12"><span class='ocrx_word' id='word_1_87' title='bbox 272 1170 437 1216; x_wconf 85' lang='lat' dir='ltr'><strong>“postea‚</strong></span> <span class='ocrx_word' id='word_1_88' title='bbox 482 1182 564 1205; x_wconf 92' lang='lat' dir='ltr'><strong>cum</strong></span> <span class='ocrx_word' id='word_1_89' title='bbox 608 1170 758 1216; x_wconf 88' lang='lat' dir='ltr'><strong>suspitio</strong></span> <span class='ocrx_word' id='word_1_90' title='bbox 791 1170 993 1217; x_wconf 89' lang='lat' dir='ltr'><strong>justissima</strong></span> <span class='ocrx_word' id='word_1_91' title='bbox 1031 1174 1110 1206; x_wconf 89' lang='lat' dir='ltr'><strong>orta</strong></span> <span class='ocrx_word' id='word_1_92' title='bbox 1139 1170 1207 1206; x_wconf 86' lang='lat' dir='ltr'><strong>sibi</strong></span> <span class='ocrx_word' id='word_1_93' title='bbox 1235 1173 1348 1214; x_wconf 88' lang='lat' dir='ltr'><strong>esset,</strong></span> <span class='ocrx_word' id='word_1_94' title='bbox 1377 1181 1520 1217; x_wconf 85' lang='lat' dir='ltr'><strong>semper</strong></span> 
     </span>
     <span class='ocr_line' id='line_1_14' title="bbox 271 1244 1515 1293; baseline 0 -14"><span class='ocrx_word' id='word_1_95' title='bbox 271 1244 339 1279; x_wconf 85' lang='lat' dir='ltr'><strong>“ad</strong></span> <span class='ocrx_word' id='word_1_96' title='bbox 376 1245 637 1290; x_wconf 88' lang='lat' dir='ltr'><strong>ignoscendum</strong></span> <span class='ocrx_word' id='word_1_97' title='bbox 674 1258 873 1293; x_wconf 85' lang='lat' dir='ltr'><strong>propensus</strong></span> <span class='ocrx_word' id='word_1_98' title='bbox 901 1248 938 1280; x_wconf 86' lang='lat' dir='ltr'><strong>et</strong></span> <span class='ocrx_word' id='word_1_99' title='bbox 966 1245 1117 1291; x_wconf 83' lang='lat' dir='ltr'><strong>quodvis</strong></span> <span class='ocrx_word' id='word_1_100' title='bbox 1140 1256 1267 1280; x_wconf 88' lang='lat' dir='ltr'><strong>recens</strong></span> <span class='ocrx_word' id='word_1_101' title='bbox 1295 1244 1515 1291; x_wconf 85' lang='lat' dir='ltr'><strong>perjurium,</strong></span> 
     </span>
     <span class='ocr_line' id='line_1_15' title="bbox 272 1318 1520 1367; baseline -0.001 -13"><span class='ocrx_word' id='word_1_102' title='bbox 272 1319 390 1365; x_wconf 90' lang='lat' dir='ltr'><strong>“quod</strong></span> <span class='ocrx_word' id='word_1_103' title='bbox 416 1319 540 1355; x_wconf 88' lang='lat' dir='ltr'><strong>Clodia</strong></span> <span class='ocrx_word' id='word_1_104' title='bbox 564 1320 890 1356; x_wconf 73' lang='lat' dir='ltr'><strong>innumerabilibus</strong></span> <span class='ocrx_word' id='word_1_105' title='bbox 913 1319 1095 1367; x_wconf 87' lang='lat' dir='ltr'><strong>prioribus</strong></span> <span class='ocrx_word' id='word_1_106' title='bbox 1122 1318 1339 1363; x_wconf 84' lang='lat' dir='ltr'><strong>addidisset,</strong></span> <span class='ocrx_word' id='word_1_107' title='bbox 1377 1319 1520 1354; x_wconf 87' lang='lat' dir='ltr'><strong>verissi-</strong></span> 
     </span>
     <span class='ocr_line' id='line_1_16' title="bbox 271 1394 1518 1440; baseline -0.001 -11"><span class='ocrx_word' id='word_1_108' title='bbox 271 1394 395 1429; x_wconf 87' lang='lat' dir='ltr'><strong>“mum</strong></span> <span class='ocrx_word' id='word_1_109' title='bbox 435 1394 689 1440; x_wconf 74' lang='lat' dir='ltr'><strong>jusjurandum</strong></span> <span class='ocrx_word' id='word_1_110' title='bbox 727 1395 859 1430; x_wconf 90' lang='lat' dir='ltr'><strong>ducere</strong></span> <span class='ocrx_word' id='word_1_111' title='bbox 898 1395 1150 1440; x_wconf 85' lang='lat' dir='ltr'><strong>paratissimus</strong></span> <span class='ocrx_word' id='word_1_112' title='bbox 1188 1397 1300 1428; x_wconf 88' lang='lat' dir='ltr'><strong>esset:</strong></span> <span class='ocrx_word' id='word_1_113' title='bbox 1340 1394 1518 1439; x_wconf 89' lang='lat' dir='ltr'><strong>denique,</strong></span> 
     </span>
     <span class='ocr_line' id='line_1_17' title="bbox 271 1468 1518 1517; baseline -0.002 -12"><span class='ocrx_word' id='word_1_114' title='bbox 271 1470 334 1505; x_wconf 88' lang='lat' dir='ltr'><strong>“ut</strong></span> <span class='ocrx_word' id='word_1_115' title='bbox 364 1482 447 1505; x_wconf 91' lang='lat' dir='ltr'><strong>cum</strong></span> <span class='ocrx_word' id='word_1_116' title='bbox 475 1470 624 1506; x_wconf 89' lang='lat' dir='ltr'><strong>tandem</strong></span> <span class='ocrx_word' id='word_1_117' title='bbox 651 1481 693 1505; x_wconf 93' lang='lat' dir='ltr'><strong>eo</strong></span> <span class='ocrx_word' id='word_1_118' title='bbox 721 1472 935 1517; x_wconf 88' lang='lat' dir='ltr'><strong>perventum</strong></span> <span class='ocrx_word' id='word_1_119' title='bbox 964 1472 1078 1513; x_wconf 91' lang='lat' dir='ltr'><strong>esset,</strong></span> <span class='ocrx_word' id='word_1_120' title='bbox 1101 1472 1142 1504; x_wconf 91' lang='lat' dir='ltr'><strong>ut</strong></span> <span class='ocrx_word' id='word_1_121' title='bbox 1157 1471 1316 1503; x_wconf 88' lang='lat' dir='ltr'><strong>scortum</strong></span> <span class='ocrx_word' id='word_1_122' title='bbox 1333 1468 1401 1503; x_wconf 92' lang='lat' dir='ltr'><strong>vile</strong></span> <span class='ocrx_word' id='word_1_123' title='bbox 1417 1468 1518 1503; x_wconf 84' lang='lat' dir='ltr'><strong>dese-</strong></span> 
     </span>
     <span class='ocr_line' id='line_1_18' title="bbox 270 1544 1510 1589; baseline -0.002 -9"><span class='ocrx_word' id='word_1_124' title='bbox 270 1545 446 1580; x_wconf 89' lang='lat' dir='ltr'><strong>“rendum</strong></span> <span class='ocrx_word' id='word_1_125' title='bbox 484 1556 561 1581; x_wconf 89' lang='lat' dir='ltr'><strong>esse</strong></span> <span class='ocrx_word' id='word_1_126' title='bbox 598 1546 721 1580; x_wconf 88' lang='lat' dir='ltr'><strong>omnia</strong></span> <span class='ocrx_word' id='word_1_127' title='bbox 745 1545 963 1589; x_wconf 89' lang='lat' dir='ltr'><strong>clamarent,</strong></span> <span class='ocrx_word' id='word_1_128' title='bbox 988 1555 1059 1579; x_wconf 93' lang='lat' dir='ltr'><strong>non</strong></span> <span class='ocrx_word' id='word_1_129' title='bbox 1091 1544 1170 1579; x_wconf 87' lang='lat' dir='ltr'><strong>sine</strong></span> <span class='ocrx_word' id='word_1_130' title='bbox 1207 1544 1368 1579; x_wconf 83' lang='lat' dir='ltr'><strong>maxima</strong></span> <span class='ocrx_word' id='word_1_131' title='bbox 1397 1544 1510 1579; x_wconf 90' lang='lat' dir='ltr'><strong>animi</strong></span> 
     </span>
     <span class='ocr_line' id='line_1_19' title="bbox 270 1620 1508 1667; baseline -0.002 -11"><span class='ocrx_word' id='word_1_132' title='bbox 270 1620 520 1666; x_wconf 86' lang='lat' dir='ltr'><strong>“aegritudine</strong></span> <span class='ocrx_word' id='word_1_133' title='bbox 556 1631 577 1656; x_wconf 91' lang='lat' dir='ltr'><strong>a</strong></span> <span class='ocrx_word' id='word_1_134' title='bbox 608 1631 647 1655; x_wconf 92' lang='lat' dir='ltr'><strong>se</strong></span> <span class='ocrx_word' id='word_1_135' title='bbox 675 1620 871 1667; x_wconf 87' lang='lat' dir='ltr'><strong>impetrare</strong></span> <span class='ocrx_word' id='word_1_136' title='bbox 898 1623 1038 1666; x_wconf 88' lang='lat' dir='ltr'><strong>posset,</strong></span> <span class='ocrx_word' id='word_1_137' title='bbox 1067 1623 1108 1654; x_wconf 92' lang='lat' dir='ltr'><strong>ut</strong></span> <span class='ocrx_word' id='word_1_138' title='bbox 1136 1630 1300 1655; x_wconf 90' lang='lat' dir='ltr'><strong>amorem</strong></span> <span class='ocrx_word' id='word_1_139' title='bbox 1327 1620 1508 1654; x_wconf 87' lang='lat' dir='ltr'><strong>invetera-</strong></span> 
     </span>
     <span class='ocr_line' id='line_1_20' title="bbox 271 1695 1507 1742; baseline -0.001 -12"><span class='ocrx_word' id='word_1_140' title='bbox 271 1696 372 1730; x_wconf 88' lang='lat' dir='ltr'><strong>“tum</strong></span> <span class='ocrx_word' id='word_1_141' title='bbox 409 1696 614 1742; x_wconf 89' lang='lat' dir='ltr'><strong>deponeret.</strong></span> <span class='ocrx_word' id='word_1_142' title='bbox 652 1695 753 1730; x_wconf 87' lang='lat' dir='ltr'><strong>Haec</strong></span> <span class='ocrx_word' id='word_1_143' title='bbox 788 1696 931 1739; x_wconf 85' lang='lat' dir='ltr'><strong>omnia,</strong></span> <span class='ocrx_word' id='word_1_144' title='bbox 956 1706 1180 1741; x_wconf 87' lang='lat' dir='ltr'><strong>quamquam</strong></span> <span class='ocrx_word' id='word_1_145' title='bbox 1205 1695 1358 1738; x_wconf 88' lang='lat' dir='ltr'><strong>mirere,</strong></span> <span class='ocrx_word' id='word_1_146' title='bbox 1384 1698 1507 1729; x_wconf 88' lang='lat' dir='ltr'><strong>tamen</strong></span> 
     </span>
    </p>
   </div>
   <div class='ocr_carea' id='block_1_3' title="bbox 270 1768 1517 1884">
    <p class='ocr_par' dir='ltr' id='par_1_4' title="bbox 270 1768 1517 1884">
     <span class='ocr_line' id='line_1_21' title="bbox 271 1768 1509 1816; baseline -0.001 -12"><span class='ocrx_word' id='word_1_147' title='bbox 271 1769 366 1804; x_wconf 88' lang='lat' dir='ltr'><strong>“non</strong></span> <span class='ocrx_word' id='word_1_148' title='bbox 388 1770 439 1804; x_wconf 89' lang='lat' dir='ltr'><strong>ita</strong></span> <span class='ocrx_word' id='word_1_149' title='bbox 463 1769 609 1804; x_wconf 81' lang='lat' dir='ltr'><strong>difficile</strong></span> <span class='ocrx_word' id='word_1_150' title='bbox 633 1769 848 1816; x_wconf 81' lang='lat' dir='ltr'><strong>explicabis,</strong></span> <span class='ocrx_word' id='word_1_151' title='bbox 872 1769 1069 1804; x_wconf 90' lang='lat' dir='ltr'><strong>dummodo</strong></span> <span class='ocrx_word' id='word_1_152' title='bbox 1094 1769 1140 1803; x_wconf 90' lang='lat' dir='ltr'><strong>ad</strong></span> <span class='ocrx_word' id='word_1_153' title='bbox 1165 1768 1295 1803; x_wconf 81' lang='lat' dir='ltr'><strong>Catulli</strong></span> <span class='ocrx_word' id='word_1_154' title='bbox 1320 1769 1509 1814; x_wconf 85' lang='lat' dir='ltr'><strong>ingenium</strong></span> 
     </span>
     <span class='ocr_line' id='line_1_22' title="bbox 270 1836 1517 1884; baseline -0.002 -12"><span class='ocrx_word' id='word_1_155' title='bbox 270 1837 503 1884; x_wconf 63' lang='lat' dir='ltr'><strong>“respexeris</strong></span> <span class='ocrx_word' id='word_1_156' title='bbox 553 1836 653 1879; x_wconf 87' lang='lat' dir='ltr'><strong>Quae</strong></span> <span class='ocrx_word' id='word_1_157' title='bbox 694 1837 792 1871; x_wconf 86' lang='lat' dir='ltr'><strong>enim</strong></span> <span class='ocrx_word' id='word_1_158' title='bbox 837 1836 995 1880; x_wconf 88' lang='lat' dir='ltr'><strong>Seneca,</strong></span> <span class='ocrx_word' id='word_1_159' title='bbox 1024 1837 1069 1871; x_wconf 94' lang='lat' dir='ltr'><strong>de</strong></span> <span class='ocrx_word' id='word_1_160' title='bbox 1097 1836 1362 1883; x_wconf 84' lang='lat' dir='ltr'><strong>tranquillitate</strong></span> <span class='ocrx_word' id='word_1_161' title='bbox 1403 1836 1517 1871; x_wconf 87' lang='lat' dir='ltr'><strong>animi</strong></span> 
     </span>
    </p>
   </div>
   <div class='ocr_carea' id='block_1_4' title="bbox 265 1911 1521 2485">
    <p class='ocr_par' dir='ltr' id='par_1_5' title="bbox 265 1911 1521 2485">
     <span class='ocr_line' id='line_1_23' title="bbox 271 1911 1516 1958; baseline -0.002 -10"><span class='ocrx_word' id='word_1_162' title='bbox 271 1913 380 1958; x_wconf 87' lang='lat' dir='ltr'><strong>“XV,</strong></span> <span class='ocrx_word' id='word_1_163' title='bbox 419 1912 470 1948; x_wconf 86' lang='lat'><strong>16</strong></span> <span class='ocrx_word' id='word_1_164' title='bbox 508 1913 615 1957; x_wconf 89' lang='lat' dir='ltr'><strong>dicit,</strong></span> <span class='ocrx_word' id='word_1_165' title='bbox 654 1912 795 1948; x_wconf 82' lang='lat' dir='ltr'><strong>nullutn</strong></span> <span class='ocrx_word' id='word_1_166' title='bbox 835 1923 1006 1958; x_wconf 88' lang='lat' dir='ltr'><strong>magnum</strong></span> <span class='ocrx_word' id='word_1_167' title='bbox 1034 1912 1221 1958; x_wconf 83' lang='lat' dir='ltr'><strong>ingenium</strong></span> <span class='ocrx_word' id='word_1_168' title='bbox 1251 1912 1330 1947; x_wconf 88' lang='lat' dir='ltr'><strong>sine</strong></span> <span class='ocrx_word' id='word_1_169' title='bbox 1359 1911 1516 1946; x_wconf 78' lang='lat' dir='ltr'><strong>mixtura</strong></span> 
     </span>
     <span class='ocr_line' id='line_1_24' title="bbox 270 1986 1518 2032; baseline -0.002 -9"><span class='ocrx_word' id='word_1_170' title='bbox 270 1988 499 2023; x_wconf 86' lang='lat' dir='ltr'><strong>“dementiae</strong></span> <span class='ocrx_word' id='word_1_171' title='bbox 537 1988 669 2032; x_wconf 69' lang='lat' dir='ltr'><strong>fuisse,</strong></span> <span class='ocrx_word' id='word_1_172' title='bbox 714 1998 755 2022; x_wconf 87' lang='lat' dir='ltr'><strong>ea</strong></span> <span class='ocrx_word' id='word_1_173' title='bbox 793 1988 904 2022; x_wconf 83' lang='lat' dir='ltr'><strong>etiam</strong></span> <span class='ocrx_word' id='word_1_174' title='bbox 946 1988 983 2021; x_wconf 94' lang='lat' dir='ltr'><strong>in</strong></span> <span class='ocrx_word' id='word_1_175' title='bbox 1028 1986 1158 2021; x_wconf 87' lang='lat' dir='ltr'><strong>Catulli</strong></span> <span class='ocrx_word' id='word_1_176' title='bbox 1204 1986 1392 2032; x_wconf 88' lang='lat' dir='ltr'><strong>ingenium</strong></span> <span class='ocrx_word' id='word_1_177' title='bbox 1436 1990 1518 2032; x_wconf 83' lang='lat' dir='ltr'><strong>apte</strong></span> 
     </span>
     <span class='ocr_line' id='line_1_25' title="bbox 270 2060 1520 2110; baseline -0.002 -12"><span class='ocrx_word' id='word_1_178' title='bbox 270 2063 508 2110; x_wconf 61' lang='lat' dir='ltr'><strong>“quadrant&#39;’</strong></span> <span class='ocrx_word' id='word_1_179' title='bbox 550 2062 595 2098; x_wconf 88' lang='lat' dir='ltr'><strong>Et</strong></span> <span class='ocrx_word' id='word_1_180' title='bbox 623 2063 676 2098; x_wconf 89' lang='lat' dir='ltr'><strong>sic</strong></span> <span class='ocrx_word' id='word_1_181' title='bbox 703 2062 830 2109; x_wconf 84' lang='lat' dir='ltr'><strong>pergit.</strong></span> <span class='ocrx_word' id='word_1_182' title='bbox 862 2062 1001 2097; x_wconf 89' lang='lat' dir='ltr'><strong>Deinde</strong></span> <span class='ocrx_word' id='word_1_183' title='bbox 1030 2062 1229 2108; x_wconf 86' lang='lat' dir='ltr'><strong>imaginem</strong></span> <span class='ocrx_word' id='word_1_184' title='bbox 1259 2060 1390 2096; x_wconf 92' lang='lat' dir='ltr'><strong>Catulli</strong></span> <span class='ocrx_word' id='word_1_185' title='bbox 1420 2072 1520 2096; x_wconf 89' lang='lat' dir='ltr'><strong>amo-</strong></span> 
     </span>
     <span class='ocr_line' id='line_1_26' title="bbox 267 2136 1517 2185; baseline -0.002 -13"><span class='ocrx_word' id='word_1_186' title='bbox 267 2139 337 2182; x_wconf 89' lang='lat' dir='ltr'><strong>ris,</strong></span> <span class='ocrx_word' id='word_1_187' title='bbox 368 2149 478 2185; x_wconf 72' lang='lat' dir='ltr'><strong>quam</strong></span> <span class='ocrx_word' id='word_1_188' title='bbox 507 2149 551 2172; x_wconf 85' lang='lat' dir='ltr'><strong>ex</strong></span> <span class='ocrx_word' id='word_1_189' title='bbox 579 2137 691 2184; x_wconf 88' lang='lat' dir='ltr'><strong>ipsius</strong></span> <span class='ocrx_word' id='word_1_190' title='bbox 720 2140 848 2183; x_wconf 87' lang='lat' dir='ltr'><strong>poetae</strong></span> <span class='ocrx_word' id='word_1_191' title='bbox 877 2136 1100 2172; x_wconf 90' lang='lat' dir='ltr'><strong>carminibus</strong></span> <span class='ocrx_word' id='word_1_192' title='bbox 1129 2137 1197 2171; x_wconf 88' lang='lat' dir='ltr'><strong>sibi</strong></span> <span class='ocrx_word' id='word_1_193' title='bbox 1228 2137 1354 2179; x_wconf 85' lang='lat' dir='ltr'><strong>finxit,</strong></span> <span class='ocrx_word' id='word_1_194' title='bbox 1384 2136 1517 2171; x_wconf 90' lang='lat' dir='ltr'><strong>descri-</strong></span> 
     </span>
     <span class='ocr_line' id='line_1_27' title="bbox 265 2211 1519 2259; baseline -0.002 -10"><span class='ocrx_word' id='word_1_195' title='bbox 265 2213 339 2257; x_wconf 88' lang='lat' dir='ltr'><strong>bit,</strong></span> <span class='ocrx_word' id='word_1_196' title='bbox 378 2225 399 2249; x_wconf 92' lang='lat' dir='ltr'><strong>a</strong></span> <span class='ocrx_word' id='word_1_197' title='bbox 436 2213 597 2249; x_wconf 92' lang='lat' dir='ltr'><strong>carmine</strong></span> <span class='ocrx_word' id='word_1_198' title='bbox 627 2212 679 2248; x_wconf 80' lang='lat'><strong>68</strong></span> <span class='ocrx_word' id='word_1_199' title='bbox 706 2213 854 2248; x_wconf 91' lang='lat' dir='ltr'><strong>initium</strong></span> <span class='ocrx_word' id='word_1_200' title='bbox 883 2212 1029 2248; x_wconf 89' lang='lat' dir='ltr'><strong>ducens.</strong></span> <span class='ocrx_word' id='word_1_201' title='bbox 1060 2212 1218 2256; x_wconf 89' lang='lat' dir='ltr'><strong>Narrat,</strong></span> <span class='ocrx_word' id='word_1_202' title='bbox 1248 2224 1320 2259; x_wconf 94' lang='lat' dir='ltr'><strong>quo</strong></span> <span class='ocrx_word' id='word_1_203' title='bbox 1348 2215 1452 2258; x_wconf 91' lang='lat' dir='ltr'><strong>pacto</strong></span> <span class='ocrx_word' id='word_1_204' title='bbox 1481 2211 1519 2246; x_wconf 89' lang='lat' dir='ltr'><strong>in</strong></span> 
     </span>
     <span class='ocr_line' id='line_1_28' title="bbox 265 2287 1520 2324; baseline -0.002 -1"><span class='ocrx_word' id='word_1_205' title='bbox 265 2289 373 2324; x_wconf 87' lang='lat' dir='ltr'><strong>amici</strong></span> <span class='ocrx_word' id='word_1_206' title='bbox 411 2288 496 2323; x_wconf 90' lang='lat' dir='ltr'><strong>Allii</strong></span> <span class='ocrx_word' id='word_1_207' title='bbox 533 2288 686 2323; x_wconf 82' lang='lat' dir='ltr'><strong>aedibus</strong></span> <span class='ocrx_word' id='word_1_208' title='bbox 727 2287 888 2323; x_wconf 87' lang='lat' dir='ltr'><strong>Catullus</strong></span> <span class='ocrx_word' id='word_1_209' title='bbox 927 2287 1137 2323; x_wconf 90' lang='lat' dir='ltr'><strong>convenerit</strong></span> <span class='ocrx_word' id='word_1_210' title='bbox 1176 2298 1257 2322; x_wconf 91' lang='lat' dir='ltr'><strong>cum</strong></span> <span class='ocrx_word' id='word_1_211' title='bbox 1301 2287 1432 2322; x_wconf 86' lang='lat' dir='ltr'><strong>Lesbia</strong></span> <span class='ocrx_word' id='word_1_212' title='bbox 1474 2288 1520 2321; x_wconf 90' lang='lat' dir='ltr'><strong>ad</strong></span> 
     </span>
     <span class='ocr_line' id='line_1_29' title="bbox 266 2362 1519 2410; baseline -0.002 -11"><span class='ocrx_word' id='word_1_213' title='bbox 266 2364 401 2399; x_wconf 88' lang='lat' dir='ltr'><strong>amoris</strong></span> <span class='ocrx_word' id='word_1_214' title='bbox 425 2363 668 2410; x_wconf 81' lang='lat' dir='ltr'><strong>voluptatibus</strong></span> <span class='ocrx_word' id='word_1_215' title='bbox 692 2363 899 2399; x_wconf 89' lang='lat' dir='ltr'><strong>fruendum.</strong></span> <span class='ocrx_word' id='word_1_216' title='bbox 926 2363 1060 2398; x_wconf 89' lang='lat' dir='ltr'><strong>Poetae</strong></span> <span class='ocrx_word' id='word_1_217' title='bbox 1085 2363 1204 2407; x_wconf 88' lang='lat' dir='ltr'><strong>enim,</strong></span> <span class='ocrx_word' id='word_1_218' title='bbox 1229 2374 1343 2409; x_wconf 91' lang='lat' dir='ltr'><strong>quum</strong></span> <span class='ocrx_word' id='word_1_219' title='bbox 1364 2362 1519 2406; x_wconf 86' lang='lat' dir='ltr'><strong>Metelli,</strong></span> 
     </span>
     <span class='ocr_line' id='line_1_30' title="bbox 265 2438 1521 2485; baseline -0.002 -12"><span class='ocrx_word' id='word_1_220' title='bbox 265 2439 331 2473; x_wconf 87' lang='lat' dir='ltr'><strong>viri</strong></span> <span class='ocrx_word' id='word_1_221' title='bbox 374 2439 597 2485; x_wconf 73' lang='lat' dir='ltr'><strong>gravissimi,</strong></span> <span class='ocrx_word' id='word_1_222' title='bbox 642 2438 788 2474; x_wconf 88' lang='lat' dir='ltr'><strong>Clodiae</strong></span> <span class='ocrx_word' id='word_1_223' title='bbox 830 2438 949 2473; x_wconf 87' lang='lat' dir='ltr'><strong>mariti</strong></span> <span class='ocrx_word' id='word_1_224' title='bbox 1003 2449 1151 2481; x_wconf 88' lang='lat' dir='ltr'><strong>caussa,</strong></span> <span class='ocrx_word' id='word_1_225' title='bbox 1204 2438 1319 2483; x_wconf 88' lang='lat' dir='ltr'><strong>ipsam</strong></span> <span class='ocrx_word' id='word_1_226' title='bbox 1378 2440 1521 2472; x_wconf 88' lang='lat' dir='ltr'><strong>amatae</strong></span> 
     </span>
    </p>
   </div>
   <div class='ocr_carea' id='block_1_5' title="bbox 271 2513 1520 2558">
    <p class='ocr_par' dir='ltr' id='par_1_6' title="bbox 271 2513 1520 2558">
     <span class='ocr_line' id='line_1_31' title="bbox 271 2513 1520 2558; baseline -0.002 -8"><span class='ocrx_word' id='word_1_227' title='bbox 271 2514 432 2550; x_wconf 88' lang='lat' dir='ltr'><strong>mulieris</strong></span> <span class='ocrx_word' id='word_1_228' title='bbox 469 2514 618 2550; x_wconf 89' lang='lat' dir='ltr'><strong>domum</strong></span> <span class='ocrx_word' id='word_1_229' title='bbox 655 2513 806 2549; x_wconf 89' lang='lat' dir='ltr'><strong>introire</strong></span> <span class='ocrx_word' id='word_1_230' title='bbox 846 2525 919 2549; x_wconf 90' lang='lat' dir='ltr'><strong>non</strong></span> <span class='ocrx_word' id='word_1_231' title='bbox 958 2513 1128 2558; x_wconf 89' lang='lat' dir='ltr'><strong>auderet,</strong></span> <span class='ocrx_word' id='word_1_232' title='bbox 1159 2514 1299 2549; x_wconf 90' lang='lat' dir='ltr'><strong>occasio</strong></span> <span class='ocrx_word' id='word_1_233' title='bbox 1328 2513 1407 2558; x_wconf 79' lang='lat' dir='ltr'><strong>eius</strong></span> <span class='ocrx_word' id='word_1_234' title='bbox 1435 2524 1520 2548; x_wconf 88' lang='lat' dir='ltr'><strong>con-</strong></span> 
     </span>
    </p>
   </div>
  </div>
 </body>
</html>
