1892 3007
979 224 1029 257 92

410 350 547 391 “nach;
576 351 635 384 ein
659 351 797 384 sanfter
837 350 1069 384 Schlummer
1107 350 1229 395 bringt
1268 352 1332 384 ihn
1372 363 1414 385 zu
1444 351 1521 385 sich
1551 350 1662 384 selbst

410 424 510 459 “und
551 436 633 459 zum
681 424 928 459 Bewusztsein
974 424 1095 459 seiner
1133 424 1228 460 That
1267 425 1414 460 zuruck.
1455 424 1537 459 Und
1575 423 1662 467 wir,

409 499 544 533 “deren
594 500 703 533 Brust
748 510 815 533 von
859 499 930 533 den
974 500 1314 545 mannigsaltigsten
1366 499 1660 545 Empfindungen

409 573 716 620 “durchdrungen
747 572 923 618 worden,
961 573 1143 610 stimmen·
1163 573 1309 620 glaubig
1337 574 1375 609 in
1399 573 1468 608 den
1495 572 1664 609 Wunsch

410 648 497 682 “des
536 648 703 683 Dichters
736 649 815 682 ein:

585 743 691 780 “Dea,
714 750 829 779 magna
853 744 939 780 Dea,
963 743 1112 780 Cybebe,
1133 744 1210 780 dea,
1233 744 1361 772 domina
1384 744 1548 780 Dindymi.

584 803 714 839 “procul
735 812 755 832 a
777 812 848 833 mea
870 806 945 833 tuus
967 805 1009 833 sit
1031 805 1118 834 furor
1140 805 1258 841 omnis,
1281 805 1375 841 hera,
1398 805 1509 833 domo:

585 866 684 895 “alios
705 874 765 902 age
787 867 954 903 incitatos,
977 868 1059 896 alios
1080 875 1141 903 age
1161 867 1309 896 rabidos‘'
1326 871 1348 896 ¹.

461 936 747 982 Quocum-plane
762 938 961 980 consentit,
977 937 1039 983 qui
1055 937 1133 982 ejus
1149 937 1290 982 vestigii
1305 948 1420 982 paene
1436 940 1581 971 secutus
1592 940 1666 979 est,

407 1011 596 1047 Pseifferus
613 1011 646 1045 ²:
667 1010 760 1047 “Hic
775 1010 939 1047 Catullus
954 1023 1027 1047 non
1041 1014 1096 1047 est
1107 1011 1262 1047 tenellus
1277 1014 1312 1047 et
1328 1011 1448 1047 mollis
1463 1010 1523 1046 ille
1538 1014 1644 1058 poeta
1658 1039 1666 1055 ,

416 1086 501 1132 “qui
540 1086 738 1132 passerculi
776 1089 968 1132 exsequias
1007 1088 1138 1121 naenia
1177 1088 1427 1139 prosequitur:
1462 1087 1522 1121 hic
1551 1098 1668 1132 neque

418 1160 598 1196 “mellitos
628 1160 788 1196 Juventii
818 1161 939 1197 oculos
967 1161 1229 1197 deosculandos
1252 1161 1320 1196 sibi
1345 1161 1524 1208 postulat,
1550 1173 1668 1208 neque

422 1234 636 1278 “Lesbiam,
675 1235 761 1270 dum
794 1237 867 1270 fata
905 1237 1047 1280 sinant,
1077 1236 1263 1271 amoribus
1290 1240 1332 1270 ut
1369 1236 1576 1282 indulgeat,
1606 1247 1668 1270 ex-

416 1310 627 1345 “hortaturt
668 1322 774 1354 cave,
813 1311 885 1346 tale
923 1312 1010 1358 quid
1048 1315 1256 1357 exspectes3
1285 1322 1435 1357 prorsus
1474 1310 1566 1345 alius
1595 1313 1668 1354 est,

410 1384 584 1420 “Pindari
614 1385 749 1430 instar,
772 1386 944 1430 numine,
974 1386 1071 1432 quod
1102 1386 1280 1429 celebrat,
1305 1386 1469 1430 afflatus,
1497 1397 1559 1420 ore
1586 1397 1668 1431 pro-

413 1460 549 1495 “sundo
601 1461 695 1505 ruit,
746 1461 983 1507 numerisque
1040 1461 1274 1496 solutioribus
1326 1461 1537 1495 devolvitur.
1592 1460 1667 1503 En,

416 1536 637 1584 “Phrygiam
667 1538 714 1573 ad
743 1538 891 1573 domum
921 1539 1086 1585 rapimur
1115 1538 1339 1585 Cybelesque
1368 1537 1413 1572 ad
1442 1548 1612 1572 nemora:

589 1633 672 1663 “Ubi
695 1634 877 1670 cymbalum
902 1636 994 1662 sonat
1022 1642 1103 1670 vox,
1126 1634 1179 1662 ubi
1202 1635 1357 1670 tympana
1379 1633 1529 1668 reboant,

586 1696 669 1726 “Ubi
693 1697 801 1732 capita
822 1697 996 1726 Maenades
1021 1697 1052 1725 vi
1071 1697 1199 1732 Jaciunt
1221 1696 1450 1732 liederigerae‚

590 1757 673 1787 “Ubi
696 1765 788 1787 sacra
810 1760 923 1787 sancta
944 1759 1049 1787 acutis
1072 1758 1248 1786 ululatibus
1270 1756 1426 1793 agstanf'.
1476 1792 1479 1796 ι

467 1836 538 1870 “At
579 1837 655 1882 ipse
695 1848 844 1872 carmen
885 1838 954 1872 hoc
993 1838 1124 1883 legito,
1164 1837 1260 1884 quod
1301 1837 1398 1871 haud
1430 1836 1536 1887 facile
1561 1839 1597 1870 te
1625 1835 1670 1870 de

412 1911 604 1949 “manibus
643 1911 895 1958 depositurum
933 1923 1012 1947 esse
1048 1923 1262 1958 persuasum
1293 1910 1430 1955 habeo,
1458 1910 1670 1957 priusquam

412 1988 481 2022 “ad
511 1988 623 2022 finem
653 1988 884 2035 perveneris,
914 1989 987 2023 imo
1013 1989 1136 2023 animo
1162 1988 1198 2023 id
1226 1987 1446 2023 imbiberis''.

463 2063 560 2106 Quid
583 2064 659 2112 ipse
687 2065 865 2110 sentiam,
893 2076 990 2100 nunc
1017 2065 1157 2109 dicam,
1182 2067 1223 2100 ut
1247 2064 1299 2100 sic
1324 2063 1369 2099 de
1393 2064 1503 2099 hocce
1528 2073 1672 2110 quoque

407 2141 570 2175 carmine
594 2140 790 2175 absolvam.
819 2141 882 2175 Est
916 2152 1040 2175 versus
1087 2141 1121 2174 in
1158 2140 1300 2175 Horatii
1336 2139 1466 2174 Satiris
1498 2138 1560 2173 ubi
1597 2150 1672 2173 ser-

408 2227 474 2250 vus
514 2215 562 2251 ita
593 2218 740 2262 poetam
780 2215 997 2262 alloquitur:
1033 2215 1120 2251 “aut
1148 2215 1258 2260 suris,
1287 2217 1350 2250 aut
1378 2224 1505 2250 versus
1535 2213 1665 2257 facis’',

408 2291 470 2325 ubi
508 2293 615 2337 poeta
660 2291 783 2333 divino
815 2291 972 2337 quodam
1002 2291 1131 2337 spiritu
1170 2291 1337 2334 afflatus,
1366 2289 1496 2324 similis
1534 2289 1674 2335 aliqua-

427 2421 432 2437 ¹
457 2418 578 2447 Jacobs
600 2418 633 2446 in
660 2418 866 2453 “Nachtrsstge
890 2426 929 2446 zu
954 2418 1088 2446 Sulzers
1110 2417 1321 2453 allgemeiner
1344 2416 1485 2445 Theorie
1510 2416 1567 2444 der
1590 2415 1680 2445 seho-

405 2489 468 2510 nen
492 2479 650 2510 Kunste.''
673 2481 708 2518 Ι,
731 2488 761 2516 p.
787 2481 844 2509 167
868 2488 915 2517 sq.

447 2546 458 2565 ‘-'
482 2543 656 2581 symbolae
680 2543 882 2583 Catullianac
911 2544 1036 2578 (1834).
