1892 3007
868 225 916 260 75

269 356 483 399 anapaesto,
513 363 621 399 quem
653 353 720 388 hoc
743 352 820 387 loco
841 350 1024 397 vulgarem
1047 360 1125 385 esse
1149 347 1298 394 Vulpius
1323 346 1508 393 opinatur,

270 429 366 461 certe
388 428 474 473 poni
498 430 617 473 potest
641 427 679 461 in
703 427 772 461 hac
794 426 921 461 ultima
945 425 1030 460 sede
1044 424 1266 468 tribrachys,
1291 432 1511 467 numquam,

271 501 551 536 antecesseritne
580 501 734 537 creticus
762 511 876 536 necne
903 498 1066 542 iambus;
1082 497 1143 544 qui
1167 497 1265 532 enim
1290 495 1388 531 nullo
1403 494 1510 530 modo

272 585 318 609 ne
341 579 504 623 correpta
527 576 672 623 quidem
697 576 824 610 ultima
848 574 983 622 syllaba
1007 584 1051 609 ex
1065 575 1259 619 anapaesto
1274 570 1367 606 effici
1382 573 1509 616 potest.

326 652 479 687 Valeant
507 650 618 698 igitur
644 651 744 696 illas,
773 661 863 698 quas
890 649 1090 685 Naudetius
1113 648 1220 692 dicit,
1249 646 1369 693 Vulpii
1392 645 1512 680 erudi·

269 728 377 763 tionis
420 738 523 774 opes;
566 727 741 762 comitum
778 726 866 761 satis
904 735 1084 771 superque
1120 722 1288 767 habebit,
1333 722 1394 768 qui
1438 732 1509 756 non

271 802 400 837 melius
429 813 526 846 rem,
541 802 571 837 si
601 812 802 847 numquam
826 811 847 835 a
871 800 979 835 certis
1003 797 1209 834 discesseris
1234 796 1392 842 legibus,
1424 795 1510 830 satis

275 877 476 924 simplicem
488 904 497 921 ,
525 876 778 911 intellexerint.

322 951 552 987 Werthesius
581 950 774 986 Galliambi
806 949 1002 984 metricum
1031 949 1177 983 schema
1206 947 1370 982 exhibuit
1402 947 1491 981 hoc:

317 1136 444 1142 --
512 1118 694 1173 ww,
841 1124 1013 1197 l*—
1084 1134 1218 1139 --

306 1187 670 1204 ψψψψψψ
690 1177 694 1236 Ι
843 1200 846 1238 ἱ
1048 1182 1051 1239 Ι

323 1305 364 1340 In
401 1304 518 1352 prima
549 1306 691 1339 tantum
727 1306 766 1339 et
802 1303 914 1339 altera
951 1304 1036 1339 sede
1074 1307 1197 1339 contra
1231 1304 1367 1351 legem,
1397 1314 1507 1350 quam

1283 1132 1437 1149 vvv
1463 1143 1466 1202 ι

273 1391 381 1427 supra
408 1379 771 1415 commemoravimus
800 1379 924 1425 longas
952 1379 1057 1414 solvit
1081 1379 1234 1426 syllabas
1261 1379 1511 1421 Werthesius3

272 1458 309 1490 at
336 1455 373 1490 id
402 1454 518 1490 solum
546 1454 698 1499 sufficit,
726 1457 767 1490 ut
794 1453 872 1500 ejus
895 1455 987 1489 ratio
1011 1465 1178 1490 versuum
1204 1454 1513 1490 numerandorum

273 1531 543 1566 condemnetur.
582 1528 653 1564 Sed
690 1532 731 1564 ut
768 1529 983 1576 Doeringius
1020 1530 1131 1564 tradit
1168 1529 1219 1565 Cl.
1259 1529 1402 1564 Reizius
1431 1529 1512 1564 aliis

275 1616 418 1652 quoque
454 1605 678 1651 argumentis
711 1605 963 1640 Werthesium
1002 1605 1227 1651 impugnavit
1255 1605 1291 1639 in
1321 1605 1513 1651 Program-

276 1682 373 1714 mate
409 1679 603 1714 Prosodiae
641 1679 799 1715 Graecae
838 1679 1018 1714 Accentus
1055 1679 1246 1715 Inclinatio
1285 1679 1509 1726 Epimetrum

273 1754 390 1789 Partis
419 1753 454 1798 Ι,
481 1754 674 1801 inscripto,
708 1754 807 1790 hisce
839 1766 927 1789 usus
961 1754 1078 1789 verbis
1094 1756 1125 1788 :¹
1163 1754 1254 1796 “Qui
1281 1754 1412 1790 Catulli
1436 1766 1513 1789 car-

277 1827 380 1863 “men
408 1828 453 1863 de
482 1828 607 1863 Attine
636 1829 744 1863 vertit
772 1829 810 1863 in
835 1828 1093 1863 Germanicum
1123 1833 1159 1864 et
1183 1830 1316 1875 optime
1339 1830 1514 1876 interpre—

277 1904 397 1939 “tatus
412 1906 467 1939 est
482 1903 726 1948 Werthesius,
744 1904 781 1939 in
798 1903 1009 1950 exponendo
1025 1907 1141 1939 metro
1158 1903 1391 1940 Galliambico
1407 1904 1513 1939 vehe-

277 1979 440 2013 “menter
465 1989 485 2012 a
509 1979 661 2013 veritate
691 1979 888 2022 aberravit,
907 1979 1011 2012 metri
1039 1990 1186 2013 caesura
1215 1980 1372 2014 tollenda
1387 1983 1421 2013 et
1438 1978 1514 2024 ejus

276 2051 413 2088 “tribus
442 2053 579 2088 ultimis
596 2053 766 2100 pedihus,
791 2056 985 2100 anapaesto
1001 2056 1037 2088 et
1052 2053 1192 2088 duobus
1216 2053 1346 2088 iambis
1361 2054 1398 2087 in
1424 2053 1513 2088 duos

279 2129 460 2176 “dactylos
488 2131 524 2163 et
555 2132 790 2176 anapaestum
816 2129 1007 2164 vertendis.
1034 2128 1116 2163 Non
1132 2129 1302 2175 cogitavit
1329 2139 1514 2163 caesuram

277 2205 377 2239 “esse
392 2204 588 2251 duplicem:
606 2204 714 2238 aliam
730 2204 895 2250 podicam
908 2232 916 2248 ‚
931 2207 971 2239 ut
986 2205 1199 2248 hexametri,
1214 2205 1322 2240 aliam
1340 2216 1423 2239 vero
1440 2216 1515 2239 me-

278 2279 441 2322 “tricam‚
455 2282 496 2314 ut
509 2279 738 2325 pentametri.
751 2278 884 2314 Podica
896 2279 933 2314 in
947 2279 1038 2325 pede
1049 2279 1235 2325 trisyllaho
1252 2280 1288 2314 in
1303 2279 1513 2314 alterutram

280 2354 322 2388 “e
333 2353 471 2388 duabus
485 2353 663 2399 prioribus
677 2353 822 2399 syllabis
833 2354 959 2388 cadere
971 2357 1087 2406 potest
1100 2366 1106 2389 :
1120 2354 1269 2389 metrica
1280 2354 1371 2389 nihil
1382 2354 1497 2389 variat
1507 2381 1516 2396 ,

313 2541 318 2558 ¹
351 2537 522 2573 Doering.‚
545 2545 575 2576 p.
600 2537 667 2568 230,
691 2536 835 2572 Namtet,
859 2545 888 2574 p.
911 2538 979 2571 209.Δ
