1892 3007
927 261 978 301 20

321 389 507 427 Ciceronis
534 391 604 427 loci
633 391 764 438 quibus
791 390 939 427 firmare
961 391 1139 439 potuisset
1163 390 1412 427 Mommsenus
1437 390 1576 439 opinio-

319 478 425 511 nem,
455 478 565 513 quam
603 466 649 502 de
685 467 823 502 Vatinii
862 467 1053 503 consulatu
1088 467 1286 514 proposuit.
1322 466 1450 502 Cicero
1479 466 1582 502 enim

317 543 356 577 in
371 543 548 577 orationis
562 542 600 577 in
616 542 805 577 Vatinium
821 554 896 589 cap.
914 543 949 578 5.
973 542 1052 578 init.
1068 543 1159 578 haec
1173 542 1281 578 dicit:
1308 541 1576 584 “Quaesturam

317 617 439 663 petisti
461 629 545 652 cum
575 615 637 652 “P.
661 616 797 662 Sestio,
821 629 935 664 quum
960 618 1021 653 hic
1043 617 1135 653 nihil
1149 618 1379 665 loqueretur,
1394 616 1465 652 nisi
1481 616 1578 664 quod

317 692 448 737 agebat
458 719 467 736 ,
488 692 551 727 “tu
566 692 611 727 de
624 692 739 727 altero
754 692 944 727 consulatu
963 693 1122 738 gerendo
1136 695 1173 727 te
1188 692 1326 728 diceres
1341 693 1522 738 cogitare”
1541 695 1577 727 et

316 767 402 802 ibid.
441 767 479 801 in
518 765 537 814 g
563 767 628 802 53ιθ
658 767 748 802 fine:
788 766 1019 814 “Omniaque
1046 779 1089 802 ea
1117 779 1177 803 me
1205 767 1387 814 pudenter
1415 767 1570 802 vivendo

316 841 575 877 “consecutum
599 854 697 887 esse,
718 854 812 889 quae
840 846 881 878 tu
908 844 1140 890 impudenter
1168 843 1399 880 vaticinando
1429 853 1575 890 sperare

315 917 375 952 “te
417 929 525 965 saepe
561 918 720 954 dixisti.''
750 917 848 960 Quos
876 918 974 954 locos
999 919 1061 965 qui
1086 918 1233 965 legerit,
1262 930 1337 954 non
1365 917 1571 963 dubitabit,

314 993 463 1039 opinor,
511 993 600 1039 quid
635 993 744 1037 illud,
794 992 881 1039 “per
919 993 1149 1028 consulatum
1184 992 1324 1040 pejerat
1353 993 1569 1036 Vatinius?

319 1067 502 1113 significet
520 1070 543 1102 ¹.

367 1142 422 1176 Ex
445 1142 545 1177 omni
569 1143 639 1177 hac
660 1142 905 1189 disputatione
934 1145 1035 1189 patet
1069 1142 1182 1189 igitur
1210 1142 1392 1178 Catullum
1430 1146 1559 1178 natum

313 1229 392 1253 esse
429 1229 526 1253 anno
561 1217 638 1253 667
669 1221 706 1254 et
733 1229 807 1253 non
836 1218 899 1253 diu
926 1222 1008 1265 post
1036 1229 1175 1254 annum
1207 1217 1284 1253 700
1309 1218 1407 1254 diem
1432 1217 1566 1253 obiisse

312 1305 538 1340 supremum.

351 1450 358 1468 ¹
382 1448 437 1476 Ita
458 1446 554 1475 simul
574 1446 716 1475 refutata
736 1447 827 1482 sunt,
851 1453 934 1482 quae
957 1445 1136 1481 disputavit
1161 1446 1308 1483 Massou,
1333 1446 1478 1475 Histoire
1499 1446 1570 1475 Cri-

308 1510 399 1547 tique
420 1510 460 1539 de
481 1509 513 1538 la
535 1507 740 1546 Republique
761 1508 819 1538 des
840 1508 982 1538 Lettres.
1006 1508 1044 1538 V.
1069 1508 1137 1538 156.
1160 1508 1301 1546 Laetor,
1324 1508 1410 1545 quod
1433 1507 1565 1538 Schwa-

307 1572 395 1609 bius‚
424 1572 517 1606 cujus
535 1557 626 1599 ¹libet·
653 1572 730 1599 tunc
759 1570 902 1607 demum,
932 1578 1030 1607 quum
1058 1570 1138 1599 haec
1170 1570 1381 1599 absolvissem
1414 1570 1492 1599 mihi
1526 1571 1566 1599 ad

307 1641 434 1663 manum
462 1633 524 1662 fuit
552 1633 585 1662 in
613 1633 727 1662 iisdem
748 1632 873 1662 duobus
895 1632 975 1661 locis
996 1633 1230 1661 firmamentum
1252 1632 1442 1661 Mommseni
1465 1633 1566 1669 opini-

306 1696 377 1725 onis
405 1696 541 1724 invenit.
571 1695 705 1724 Addidit
734 1694 928 1724 scholiastae
957 1694 1129 1723 Bobiensis
1168 1696 1214 1730 (p.
1245 1695 1303 1723 315
1334 1694 1405 1730 Or.)
1441 1695 1566 1724 locum:

306 1757 564 1793 “Ineptissimam
592 1756 717 1786 Vatinii
748 1757 781 1785 et
802 1763 905 1792 paene
934 1756 1086 1785 furiosam
1101 1776 1339 1785 ............
1362 1757 1565 1785 consulatum

308 1820 501 1856 “juraverit‚
528 1819 583 1856 qui
610 1819 747 1855 primum
770 1819 831 1847 sibi
853 1826 913 1848 nec
935 1819 1071 1848 auderet
1093 1820 1216 1854 optare.
1241 1819 1333 1848 Hanc
1355 1826 1431 1855 ergo
1454 1819 1565 1848 vatici—

306 1881 488 1910 “nationem
519 1881 679 1910 nominat:
707 1888 797 1916 spem
818 1880 975 1909 videlicet
999 1880 1151 1917 honoris,
1175 1880 1266 1917 quasi
1290 1887 1348 1916 per
1369 1880 1562 1909 dementiam

308 1943 494 1979 “cogitati.’‘
