1892 3007
878 229 924 265 61

287 357 358 393 Sed
387 358 476 393 nihil
507 357 604 393 aliud
635 357 798 392 Catullus
828 356 923 402 agit,
952 356 1023 391 nisi
1052 359 1093 390 ut
1122 367 1184 391 eos
1213 357 1441 398 exsecretur,
1471 352 1533 400 qui

286 436 420 469 ferrum
454 434 561 480 primi
595 433 812 468 invenerint.
861 431 965 473 Quod
1003 434 1168 467 veterum
1211 431 1380 478 opinione
1408 430 1535 465 fecisse

284 509 461 556 Chalybes
485 508 561 555 jam
588 520 632 544 ex
662 508 769 555 Verg.
800 507 930 554 Georg.
962 507 997 552 Ι,
1036 506 1217 554 conjicere
1241 506 1344 542 licet:

459 590 573 618 “India
594 590 703 619 mittet
725 581 822 627 ebur,
843 589 957 618 molles
980 596 1038 618 sua
1059 588 1155 618 thura
1178 588 1293 617 Sabaei

498 652 561 681 “At
583 651 747 689 Chalybes
768 651 846 681 nudi
867 650 1016 681 ferrum.’'
1041 668 1079 672 —

338 723 404 758 Cui
433 723 540 758 allato
569 723 734 769 exemplo
763 723 864 759 addit
893 723 1070 758 Bosscha:
1108 722 1227 763 “Quin
1255 722 1373 768 ipsum
1397 721 1532 755 ferrum

287 799 398 833 “hinc
412 798 507 845 apud
523 798 740 845 Aeschylum
766 802 802 833 et
825 797 1039 845 Sophoclem
1063 802 1177 845 Χάλυψ
1202 800 1238 832 et
1271 808 1396 831 eorum
1413 807 1534 830 exem-

283 874 363 921 “plo
387 874 481 920 apud
508 874 737 920 Propertium
766 877 802 909 et
831 874 1030 919 Vergilium
1064 872 1222 921 Chalybs
1250 872 1482 919 appellatur.’'

337 950 460 985 Paullo
482 953 562 997 post
591 949 871 985 Valckenaerius
895 949 1109 997 disputavit,
1140 961 1212 984 non
1242 949 1327 984 ferri
1356 948 1406 983 illi
1430 959 1532 982 exse-

281 1026 432 1061 crationi
475 1029 619 1072 poetam
661 1025 833 1061 idoneum
876 1025 1046 1060 habuisse
1088 1025 1206 1060 locum
1239 1028 1273 1069 ¹,
1302 1035 1384 1059 cum
1428 1034 1531 1058 coma

282 1101 474 1136 Berenices
510 1101 651 1136 tantillo
685 1101 796 1136 etiam
824 1101 1070 1136 instrumento
1098 1085 1212 1135 secari
1239 1100 1407 1147 potuerit.
1438 1098 1532 1134 Con-

281 1179 336 1210 tra
387 1176 546 1211 Bosscha
588 1176 765 1222 disputat,
804 1187 945 1211 comam
978 1175 1056 1221 jam
1086 1176 1213 1217 sideris
1243 1175 1377 1209 habere
1409 1186 1531 1221 perso-

281 1263 383 1297 nam,
409 1251 540 1287 deinde
563 1252 782 1288 recentiores
807 1263 951 1299 quoque
974 1254 1099 1299 poetas
1114 1252 1150 1286 in
1167 1251 1300 1287 talibus
1315 1251 1532 1286 exsecratio-

280 1327 386 1363 nibus
422 1328 498 1363 veri
536 1328 685 1362 modum
714 1328 888 1363 excedere
916 1327 1041 1362 solere.
1073 1326 1183 1373 Cujus
1214 1327 1419 1373 exemplum
1449 1338 1530 1373 pro-

280 1404 349 1438 fert
372 1404 410 1438 in
425 1407 587 1439 nostrate
612 1403 792 1438 Tollensio
803 1432 812 1448 ‚
834 1404 895 1449 qui
912 1415 994 1438 cum
1010 1403 1255 1439 calamitatem
1272 1402 1405 1438 Leidae
1420 1402 1529 1438 delle-

282 1483 357 1523 ret,
395 1478 552 1525 pulveris
580 1478 672 1525 pyrii
702 1479 928 1514 inventorem
959 1478 1206 1514 Schwarzium
1235 1481 1443 1513 exsecratus
1471 1479 1528 1512 sit.

280 1554 352 1590 Sed
366 1566 512 1601 prorsus
541 1556 632 1590 facio
661 1567 744 1590 cum
772 1555 1056 1600 Valckenaerio,
1086 1556 1193 1590 modo
1211 1567 1256 1590 ne
1272 1555 1367 1590 hanc
1382 1555 1428 1589 ob
1452 1566 1528 1589 reni

278 1641 403 1665 versus
432 1633 619 1677 corruptos
634 1633 670 1665 et
685 1630 825 1677 spurios
840 1641 997 1666 censeas.
1017 1629 1145 1677 Neque
1156 1630 1420 1673 Callimachus,
1442 1640 1554 1676 quum

279 1705 456 1751 Chalybes
467 1733 476 1750 ‚
506 1717 624 1751 neque
648 1706 850 1741 Tollensius
861 1734 870 1751 ,
885 1718 998 1752 quum
1015 1705 1261 1742 Schwarzium
1279 1709 1528 1744 execraretur,

281 1780 427 1827 ingenio
456 1780 533 1816 veri
561 1783 690 1828 poetae
717 1780 827 1827 digna
855 1781 1087 1828 scripserunt.

307 1854 378 1890 Sed
384 1855 460 1900 jam
472 1856 590 1891 valere
596 1856 790 1901 jubeamus
802 1856 1076 1899 Callimachum;
1088 1857 1133 1891 de
1143 1856 1283 1891 Catullo
1293 1868 1408 1903 pauca
1417 1858 1529 1892 adda-

257 1949 260 1955 s
281 1943 372 1967 mus.
385 1930 499 1967 Multa
513 1932 550 1967 in
565 1932 635 1968 hac
649 1931 763 1979 elegia
771 1932 1008 1980 vituperanda
1024 1933 1231 1968 censuimus
1243 1944 1252 1976 ;
1264 1933 1420 1969 etiamid
1430 1933 1526 1981 quod

278 2007 524 2051 laudavimus,
539 2019 611 2042 non
623 2019 808 2043 summum
824 2011 897 2052 est,
915 2008 1011 2054 quod
1021 2008 1057 2042 in
1073 2011 1178 2055 poeta
1193 2010 1401 2055 requiritur3
1411 2010 1527 2044 solam

279 2084 378 2119 enim
407 2083 537 2119 Catulli
564 2084 733 2130 peritiam
760 2083 866 2119 laude
895 2084 1044 2130 dignam
1074 2085 1291 2120 censuimus.
1323 2084 1394 2120 Sed
1423 2085 1526 2132 plura

277 2162 371 2194 sunt.
410 2159 545 2194 Versus
583 2160 681 2194 enim
720 2161 831 2203 eos2,
870 2160 933 2194 ubi
971 2171 1074 2195 coma
1099 2160 1144 2195 de
1172 2161 1319 2206 reginae
1344 2161 1523 2206 conjugali

278 2246 403 2271 amore
428 2234 592 2279 disserit,
620 2234 883 2282 pulcherrimos
912 2247 1058 2280 vocare,
1087 2236 1256 2283 equidem
1285 2248 1359 2272 non
1387 2237 1523 2272 dubito.

279 2311 417 2347 Tantus
445 2311 534 2346 deus
564 2311 678 2346 Amor
705 2314 778 2356 est,
804 2315 845 2346 ut
868 2311 1033 2358 reginam
1057 2315 1165 2348 antea
1187 2312 1277 2347 nihil
1312 2312 1523 2357 timentem,

274 2386 352 2433 jam
368 2398 389 2422 a
412 2397 523 2434 parva
538 2387 679 2433 virgine
695 2387 966 2433 magnanimam
978 2415 987 2431 ,
1003 2387 1047 2422 de
1062 2388 1136 2423 cari
1152 2388 1279 2434 capitis
1295 2388 1411 2424 salute
1426 2400 1524 2424 nunc

276 2462 487 2506 sollicitam,
510 2461 674 2498 sensibus
694 2465 855 2498 mentem
885 2463 1067 2510 eripuerit.
1098 2463 1226 2498 Maesti
1256 2464 1368 2499 animi
1393 2476 1519 2511 curas,

314 2560 320 2580 ¹
346 2558 384 2588 V.
407 2558 535 2588 11—31.
