1892 3007
1012 229 1035 264 2

387 354 424 388 in
439 354 556 389 lucem
572 356 812 399 revocaverit,
829 367 850 391 e
864 356 1047 391 codicibus
1062 356 1204 391 Datano
1215 384 1223 400 ,
1241 355 1553 404 Riccardianoque
1576 360 1631 401 et,

386 432 478 465 teste
505 430 672 466 Johanne
701 430 891 467 Harduino
915 443 961 466 ex
982 432 1165 478 plerisque
1189 431 1372 467 codicibus
1406 432 1515 467 Plinii
1551 432 1636 467 His-

384 506 499 540 toriae
523 505 708 541 Naturalis
725 509 735 528 ¹
762 505 888 547 Quinti
912 517 1135 553 praenomen
1156 507 1334 551 restituit,
1368 519 1479 553 quem
1511 507 1635 554 Haup-

385 580 457 615 tius
495 581 680 627 ceterique
713 574 789 616 sere
826 592 973 625 omnes,
1011 582 1073 628 qui
1105 584 1231 628 postea
1265 582 1310 616 de
1343 581 1484 617 Catullo
1519 582 1633 629 scrip-

383 659 530 699 serunt,
564 656 679 690 secuti
729 659 825 691 sunt.
852 657 865 677 ²
910 656 1079 700 Accedit,
1121 657 1218 702 quod
1260 656 1402 691 codices
1445 657 1633 692 Laurentii

384 729 550 765 Santenii
583 733 620 765 et
646 729 720 766 San
751 730 1032 775 Germanensis,
1060 730 1193 777 quibus
1222 731 1290 767 viri
1320 731 1417 766 docti
1444 743 1628 769 summam

382 807 420 841 in
458 806 712 843 constituenda
752 805 883 842 Catulli
925 807 1131 842 carminum
1172 807 1327 842 lectione
1370 808 1625 843 auctoritatem

381 882 567 925 tribuunt,
604 882 779 916 omittunt
815 893 1058 928 praenomen,
1103 882 1190 916 dum
1229 882 1415 926 Datanus,
1454 883 1516 929 qui
1552 883 1630 929 pari

380 969 464 992 cum
493 958 550 992 his
577 957 688 1003 pollet
707 957 923 992 auctoritate
952 954 1315 1003 Quinti‘praenomen
1339 958 1496 993 exhibet.
1523 957 1632 992 Fides

380 1033 561 1068 bonorum
585 1032 769 1077 codicum,
794 1043 951 1079 quorum
979 1031 1099 1067 nullus
1128 1031 1205 1079 Caji
1234 1032 1631 1080 praenomen‘praebet

380 1120 454 1144 non
479 1108 670 1144 extenuari
701 1119 806 1154 posse
838 1107 930 1142 mihi
953 1107 1098 1142 videtur
1121 1107 1265 1154 Apuleji
1282 1111 1295 1129 ³
1326 1110 1363 1142 et
1387 1107 1601 1155 Hieronymi
1619 1111 1632 1130 ⁴

379 1184 618 1228 testimoniis,
643 1195 764 1230 neque
791 1183 905 1218 veteri
933 1183 1073 1229 lapide,
1095 1194 1204 1229 quem
1229 1183 1325 1229 apud
1350 1183 1563 1219 Malvasiam
1588 1184 1635 1219 ad

379 1259 562 1295 Marmora
591 1259 758 1295 Felsinea
786 1261 968 1294 memorat
996 1260 1017 1294 a
1046 1257 1172 1294 Monte
1201 1258 1342 1304 Leone,
1371 1271 1404 1306 p.
1435 1259 1523 1294 305.

433 1335 539 1377 Quod
576 1335 622 1370 ad
661 1335 741 1370 illos
769 1338 935 1370 auctores
969 1335 1119 1379 attinet,
1156 1334 1315 1369 similem
1352 1335 1482 1369 saltem
1524 1334 1635 1370 habet

377 1411 453 1446 veri
491 1411 669 1458 speciem,
699 1411 729 1445 si
768 1410 895 1445 credas
932 1421 993 1445 eos
1029 1410 1068 1445 in
1106 1410 1345 1457 praenomine
1382 1421 1545 1454 errasse,
1570 1413 1634 1445 aut

377 1486 482 1533 culpa
518 1486 752 1522 librariorum
789 1485 828 1520 in
866 1496 995 1521 eorum
1030 1469 1182 1532 operum
1209 1485 1426 1532 apographis
1457 1485 1626 1520 vitiatum

377 1574 456 1597 esse
484 1562 685 1608 genuinum
715 1561 913 1605 Quintum,
939 1572 982 1596 ac
1004 1562 1035 1596 si
1058 1563 1164 1607 putes
1192 1560 1378 1605 librarios,
1403 1561 1465 1607 qui
1489 1560 1621 1596 Catulli

374 1639 543 1683 poemata
566 1636 902 1683 transscripserint,
929 1635 1058 1681 Cajum
1083 1636 1121 1669 in
1150 1634 1328 1676 Quintum
1359 1637 1530 1670 mutasse.
1567 1634 1627 1669 In-

375 1713 523 1758 scriptio
551 1715 694 1756 autem,
723 1711 768 1746 de
796 1722 868 1758 qua
896 1711 1055 1746 diximus
1084 1711 1174 1746 haec
1205 1714 1280 1745 est:

416 1936 424 1954 1
448 1933 499 1961 Ad
522 1931 708 1968 XXXVII,
732 1933 760 1961 6.

413 1997 424 2016 2
447 1994 594 2030 Silligius
616 2002 761 2031 quoque,
784 1993 839 2030 qui
861 1993 893 2021 in
916 1993 1058 2022 editione
1086 1993 1148 2027 (uti
1171 1994 1205 2022 et
1228 1993 1404 2029 Doringius
1425 1993 1457 2022 in
1482 1995 1619 2030 utraque

371 2059 442 2092 sua)
471 2056 584 2092 Cajiiin
606 2056 796 2092 scripserat,
817 2056 939 2084 fatetur
959 2055 991 2083 in
1013 2054 1125 2083 Jahnii
1147 2055 1262 2083 Annal.
1288 2055 1406 2083 Philol.
1431 2056 1464 2083 et
1476 2055 1619 2091 Paedag.

370 2120 459 2148 XIII
489 2119 579 2153 (anni
606 2119 723 2155 1830),
751 2127 780 2154 p.
804 2119 862 2147 283
884 2117 944 2147 sibi
965 2124 986 2145 a
1007 2116 1213 2146 Lachmanno
1237 2116 1296 2145 hac
1319 2117 1350 2145 in
1373 2125 1408 2146 re
1432 2125 1619 2152 persuasum

372 2190 453 2211 csse.
497 2181 549 2210 De
589 2180 689 2209 Plinii
722 2180 886 2209 codicibus
916 2180 1006 2208 addit
1033 2179 1235 2208 Parisienses
1264 2180 1361 2216 6801,
1390 2180 1486 2214 6802,
1519 2180 1618 2216 6803,

369 2245 449 2274 6804
469 2244 583 2281 Quinti
608 2251 802 2279 praenomen
828 2242 964 2280 habere,
986 2242 1061 2271 dum
1083 2242 1181 2279 6805,
1204 2242 1284 2271 6806
1306 2244 1340 2271 et
1363 2241 1474 2271 Codex
1500 2241 1621 2271 Vindo-

368 2308 519 2336 bonensis
538 2314 731 2342 praenomen
744 2307 914 2343 omittunt,
927 2306 973 2335 uti
986 2306 1083 2335 etiam
1095 2306 1214 2334 factum
1227 2306 1322 2334 estin
1334 2305 1482 2335 omuibus
1495 2305 1616 2335 Catulli

367 2369 548 2406 codicibus,
579 2377 660 2407 quos
688 2376 790 2405 usque
817 2368 858 2397 ad
887 2376 959 2397 oum
980 2375 1099 2396 annum
1121 2367 1306 2402 inspexerat
1329 2367 1483 2403 silligius.
1507 2366 1618 2396 Codex

366 2432 448 2467 Reg.
473 2431 510 2459 11
532 2431 624 2466 lapsu
646 2430 759 2459 calami
782 2430 881 2459 habet
904 2430 970 2458 C'al.
990 2429 1110 2458 Catulli
1132 2437 1189 2465 pro
1218 2429 1287 2457 Val.
1311 2429 1447 2458 Catulli.

405 2497 417 2514 ³
440 2494 479 2522 In
503 2493 640 2529 Apolog.
663 2500 732 2528 cap.
755 2492 802 2530 X,
826 2500 856 2528 p.
878 2492 939 2521 465
963 2492 1012 2521 ed.
1034 2491 1163 2520 Hildeb.

404 2560 417 2576 ⁴
439 2556 489 2585 Ad
512 2559 558 2584 η’).
583 2557 673 2584 1930.
