1892 3007
850 221 899 255 85

281 345 376 386 Quos
418 357 524 391 puros
561 358 632 380 uno
668 357 773 380 versu
809 346 875 380 sibi
915 347 1010 381 visus
1047 349 1101 380 est
1139 346 1317 380 invenisse
1358 346 1518 379 Nobbius

281 432 329 455 vs.
368 420 436 454 60:
479 420 617 455 “stadio
655 423 690 455 et
727 421 944 467 gymnasis.”
978 420 1080 461 Quod
1110 431 1217 466 supra
1246 420 1450 462 attulimus,
1481 423 1520 454 ut

281 493 438 528 ionicum
480 506 608 539 purum
651 495 688 528 in
732 499 910 529 commate
952 495 1069 540 priore
1112 495 1424 540 impugnaremus,
1463 495 1521 529 luc

281 580 427 621 quoque
469 569 571 603 valet.
616 568 689 604 Nec
743 570 876 604 mirum
920 570 1050 615 igitur⁷
1097 569 1190 603 viros
1230 569 1359 603 Doctos
1405 569 1520 603 varias

282 645 316 677 in
369 644 465 678 hunc
515 644 631 678 locum
683 645 954 679 emendationes
1006 645 1243 690 proposuisse.
1289 644 1521 678 Ahlwardtus

281 718 432 764 conjecit
463 722 541 765 post
575 719 789 754 Avantium:
829 720 962 766 “atque
995 715 1226 766 yymnasis’ss
1265 718 1360 764 quod
1399 722 1519 752 tamen

282 797 397 827 metro
436 805 506 827 non
545 793 729 836 convenit3
766 805 826 828 sex
868 794 965 828 enim
1009 797 1151 827 tantum
1196 793 1304 827 habet
1345 792 1518 838 syllabas,

281 868 340 902 ubi
379 871 515 914 septem
557 869 800 913 requiruntur.
841 868 885 902 Et
916 867 999 913 jure
1036 869 1154 902 addit:
1204 868 1303 902 “Nur
1344 868 1522 903 Unkunde

286 942 370 975 “der
400 941 527 976 Metrik
557 943 692 975 konnte
719 942 777 976 die
806 946 900 976 erste
929 942 1036 987 Sylbe
1057 943 1171 976 dieses
1203 943 1328 976 Worts
1354 943 1411 976 fur
1436 943 1522 975 kurz

286 1009 449 1052 “halten,
487 1009 559 1043 und
598 1012 828 1055 tympanum,
866 1012 1058 1055 typanum,
1089 1020 1168 1042 zum
1200 1009 1359 1043 Beweise
1390 1010 1521 1043 anfuh-

289 1084 408 1117 “1·en’'.
439 1083 491 1117 De
519 1095 588 1128 quo
617 1083 788 1117 vocabulo
812 1083 889 1128 jam
912 1095 1018 1128 supra
1035 1084 1202 1118 diximus.
1223 1083 1336 1117 Metro
1354 1084 1388 1117 id
1404 1085 1520 1118 solum

282 1159 468 1201 convenit,
515 1158 610 1204 quod
656 1158 816 1193 scribunt
865 1157 1043 1203 Silligius,
1084 1158 1355 1201 Lachmannus‚
1401 1158 1514 1204 Haup-

282 1234 369 1267 tius:
403 1232 546 1267 “stadio
587 1236 622 1267 et
660 1231 896 1280 yymnaxiz'sl'
942 1233 969 1266 E
1011 1234 1109 1278 puris
1147 1234 1272 1267 ionicis
1317 1234 1523 1267 efficiuntur

283 1313 487 1355 ἀνακλώμενα
524 1307 996 1353 (ψψ-,ψ-,ψ--Ῐῃ
1028 1308 1060 1341 in
1094 1308 1224 1353 quibus
1252 1308 1281 1341 si
1317 1308 1523 1341 memineris

268 1382 514 1427 ⁴anapaestum
562 1393 640 1415 cum
689 1382 867 1426 spondaeo
905 1385 941 1415 et
986 1381 1323 1427 proceleusmatico,
1366 1382 1520 1426 priorem

284 1456 443 1492 iambum
478 1468 558 1491 cum
598 1456 760 1501 tribachy
799 1459 834 1490 et
872 1457 1105 1501 posteriorem
1142 1455 1300 1490 iambum
1333 1468 1412 1490 cum
1443 1468 1523 1502 pyr-

283 1531 395 1566 richio
424 1532 620 1577 permutari
643 1542 745 1577 posse
774 1534 911 1565 ceteras
940 1530 1088 1565 habebis
1128 1531 1259 1564 formas
1298 1530 1404 1575 liujus
1443 1531 1524 1564 Gal-

286 1606 440 1640 liambici
480 1617 601 1640 versus
639 1606 760 1651 partis.
815 1605 1158 1640 Proceleusmaticus
1204 1605 1240 1639 in
1284 1606 1400 1650 prima
1441 1606 1525 1640 sede

284 1681 413 1726 legitur
443 1681 477 1714 in
508 1680 581 1714 solo
611 1692 659 1715 vs.
691 1679 760 1714 91:
802 1680 918 1722 “Dea,
962 1679 1107 1714 domina
1150 1680 1342 1726 Dindymi'’
1386 1681 1518 1714 mirum

285 1756 319 1788 in
360 1756 506 1788 modum
544 1766 564 1789 a
595 1756 753 1789 virorum
790 1755 975 1789 doctorum
1005 1754 1220 1798 conjecturis
1250 1758 1417 1797 vexatus,
1448 1756 1524 1799 qui-

287 1828 353 1863 bus
391 1832 512 1863 tamen
551 1829 689 1863 nullum
719 1840 797 1864 esse
826 1828 944 1863 locum
974 1829 1061 1862 mihi
1090 1839 1300 1874 persuasum
1339 1832 1412 1872 est,
1443 1829 1526 1874 quia

284 1903 482 1937 secundum
531 1904 636 1937 metri
675 1903 815 1948 regulas
854 1903 1099 1937 severissimas
1137 1914 1155 1936 e
1194 1903 1303 1948 pede,
1343 1914 1449 1948 quem
1489 1904 1524 1937 in

285 1978 369 2011 sede
408 1978 523 2023 prima
572 1978 689 2021 legere
741 1978 917 2020 solemus,
971 1978 1124 2011 eflicitur
1176 1978 1524 2022 proceleusmaticus.

285 2051 493 2097 Spondaeus
521 2052 556 2084 in
586 2051 653 2085 hac
689 2051 773 2085 sede
803 2051 933 2096 legitur
961 2052 1035 2086 sive
1066 2052 1100 2085 in
1130 2052 1245 2097 prima
1273 2052 1402 2096 prioris
1432 2063 1528 2085 com-

286 2128 390 2160 matis
429 2127 522 2160 adsit
558 2127 758 2171 spondaeus
796 2127 861 2170 (vs.
890 2126 959 2170 73,
998 2126 1064 2165 865
1085 2130 1115 2165 ¹,
1153 2128 1227 2180 sive
1257 2138 1328 2161 non
1359 2126 1424 2171 (vs.
1456 2126 1527 2168 18,

325 2270 328 2286 ¹
358 2267 473 2300 Inepta
503 2268 592 2301 sunt,
627 2274 706 2301 quae
731 2266 907 2294 Naudetius
931 2266 969 2293 de
994 2273 1085 2293 versu
1112 2267 1148 2294 73
1172 2266 1473 2302 attulit,quasii11m
1494 2267 1536 2293 (li-

284 2328 438 2364 syllabum
465 2329 566 2364 esset,
590 2328 634 2355 sic
657 2328 826 2355 scandens:

379 2391 470 2422 “iam
499 2392 582 2430 ὶᾶηι,
608 2389 716 2428 dolat,
742 2389 833 2432 qdod
856 2393 890 2430 ὅ,
912 2392 973 2432 ρῖς
1002 2391 1066 2421 'mm
1094 2392 1242 2432 iquioe,
1261 2391 1426 2432 possnitevt.

287 2459 355 2486 Non
390 2459 483 2486 credo
516 2460 578 2486 tam
613 2460 780 2486 venustum
816 2460 959 2493 poetam,
992 2459 1095 2493 qualis
1130 2459 1189 2486 fuit
1212 2459 1536 2494 Catullus,umquam

289 2527 477 2555 componere
510 2520 629 2555 aliquid
653 2520 811 2555 potuisse,
835 2520 916 2555 quod
940 2522 1002 2547 tani
1026 2520 1136 2548 durum
1159 2521 1326 2548 accederet
1355 2521 1393 2548 ad
1424 2528 1537 2549 aures.
