<?xml version="1.0" encoding="UTF-8"?>
<!DOCTYPE html PUBLIC "-//W3C//DTD XHTML 1.0 Transitional//EN"
    "http://www.w3.org/TR/xhtml1/DTD/xhtml1-transitional.dtd">
<html xmlns="http://www.w3.org/1999/xhtml" xml:lang="en" lang="en">
 <head>
  <title>
</title>
<meta http-equiv="Content-Type" content="text/html;charset=utf-8" />
  <meta name='ocr-system' content='tesseract 3.04.00' />
  <meta name='ocr-capabilities' content='ocr_page ocr_carea ocr_par ocr_line ocrx_word'/>
</head>
<body>
  <div class='ocr_page' id='page_1' title='image "./4738081_0145.png"; bbox 0 0 1892 3007; ppageno 0'>
   <div class='ocr_carea' id='block_1_1' title="bbox 953 213 1032 251">
    <p class='ocr_par' dir='ltr' id='par_1_1' title="bbox 953 213 1032 251">
     <span class='ocr_line' id='line_1_1' title="bbox 953 213 1032 251; baseline 0.025 -2"><span class='ocrx_word' id='word_1_1' title='bbox 953 213 1032 251; x_wconf 80' lang='lat'>122</span> 
     </span>
    </p>
   </div>
   <div class='ocr_carea' id='block_1_2' title="bbox 362 340 1619 2499">
    <p class='ocr_par' dir='ltr' id='par_1_2' title="bbox 372 340 1618 538">
     <span class='ocr_line' id='line_1_2' title="bbox 372 340 1618 388; baseline 0 -13"><span class='ocrx_word' id='word_1_2' title='bbox 372 341 460 376; x_wconf 89' lang='lat' dir='ltr'>dum</span> <span class='ocrx_word' id='word_1_3' title='bbox 500 344 537 377; x_wconf 90' lang='lat' dir='ltr'>et</span> <span class='ocrx_word' id='word_1_4' title='bbox 566 340 730 388; x_wconf 85' lang='lat' dir='ltr'>joculare</span> <span class='ocrx_word' id='word_1_5' title='bbox 769 340 1020 376; x_wconf 83' lang='lat' dir='ltr'>sacrificicium</span> <span class='ocrx_word' id='word_1_6' title='bbox 1057 340 1189 376; x_wconf 88' lang='lat' dir='ltr'>Veneri</span> <span class='ocrx_word' id='word_1_7' title='bbox 1230 343 1354 376; x_wconf 87' lang='lat' dir='ltr'>votum</span> <span class='ocrx_word' id='word_1_8' title='bbox 1395 341 1618 387; x_wconf 84' lang='lat' dir='ltr'>persolutum</span> 
     </span>
     <span class='ocr_line' id='line_1_3' title="bbox 373 415 1618 462; baseline 0 -11"><span class='ocrx_word' id='word_1_9' title='bbox 373 416 605 452; x_wconf 82' lang='lat' dir='ltr'>describitur.</span> <span class='ocrx_word' id='word_1_10' title='bbox 645 416 746 452; x_wconf 90' lang='lat' dir='ltr'>Soles</span> <span class='ocrx_word' id='word_1_11' title='bbox 780 416 893 462; x_wconf 80' lang='lat' dir='ltr'>igitur</span> <span class='ocrx_word' id='word_1_12' title='bbox 920 416 1084 460; x_wconf 88' lang='lat' dir='ltr'>candidi,</span> <span class='ocrx_word' id='word_1_13' title='bbox 1114 427 1204 462; x_wconf 92' lang='lat' dir='ltr'>quos</span> <span class='ocrx_word' id='word_1_14' title='bbox 1231 415 1269 450; x_wconf 91' lang='lat' dir='ltr'>in</span> <span class='ocrx_word' id='word_1_15' title='bbox 1297 416 1458 452; x_wconf 88' lang='lat' dir='ltr'>carmine</span> <span class='ocrx_word' id='word_1_16' title='bbox 1493 418 1618 451; x_wconf 85' lang='lat' dir='ltr'>octavo</span> 
     </span>
     <span class='ocr_line' id='line_1_4' title="bbox 375 491 1358 538; baseline 0.001 -13"><span class='ocrx_word' id='word_1_17' title='bbox 375 491 629 538; x_wconf 84' lang='lat' dir='ltr'>deploraverat</span> <span class='ocrx_word' id='word_1_18' title='bbox 656 494 781 538; x_wconf 87' lang='lat' dir='ltr'>poeta,</span> <span class='ocrx_word' id='word_1_19' title='bbox 810 492 943 526; x_wconf 89' lang='lat' dir='ltr'>iterum</span> <span class='ocrx_word' id='word_1_20' title='bbox 970 491 1104 527; x_wconf 81' lang='lat' dir='ltr'><strong>exoriri</strong></span> <span class='ocrx_word' id='word_1_21' title='bbox 1133 491 1358 526; x_wconf 88' lang='lat' dir='ltr'>videbantur.</span> 
     </span>
    </p>

    <p class='ocr_par' dir='ltr' id='par_1_3' title="bbox 364 566 1619 988">
     <span class='ocr_line' id='line_1_5' title="bbox 432 566 1619 612; baseline 0 -11"><span class='ocrx_word' id='word_1_22' title='bbox 432 566 481 601; x_wconf 84' lang='lat' dir='ltr'>At</span> <span class='ocrx_word' id='word_1_23' title='bbox 519 566 650 602; x_wconf 86' lang='lat' dir='ltr'>Lesbia</span> <span class='ocrx_word' id='word_1_24' title='bbox 686 569 775 601; x_wconf 86' lang='lat' dir='ltr'>tunc</span> <span class='ocrx_word' id='word_1_25' title='bbox 817 578 890 601; x_wconf 90' lang='lat' dir='ltr'>non</span> <span class='ocrx_word' id='word_1_26' title='bbox 923 566 1135 601; x_wconf 89' lang='lat' dir='ltr'>melioribus</span> <span class='ocrx_word' id='word_1_27' title='bbox 1176 566 1246 601; x_wconf 86' lang='lat' dir='ltr'>fuit</span> <span class='ocrx_word' id='word_1_28' title='bbox 1288 566 1470 610; x_wconf 87' lang='lat' dir='ltr'>moribus,</span> <span class='ocrx_word' id='word_1_29' title='bbox 1509 577 1619 612; x_wconf 87' lang='lat' dir='ltr'>quam</span> 
     </span>
     <span class='ocr_line' id='line_1_6' title="bbox 372 639 1618 687; baseline -0.001 -11"><span class='ocrx_word' id='word_1_30' title='bbox 372 644 492 676; x_wconf 89' lang='lat' dir='ltr'>antea.</span> <span class='ocrx_word' id='word_1_31' title='bbox 524 641 627 676; x_wconf 91' lang='lat' dir='ltr'>Tunc</span> <span class='ocrx_word' id='word_1_32' title='bbox 659 641 808 676; x_wconf 89' lang='lat' dir='ltr'>demum</span> <span class='ocrx_word' id='word_1_33' title='bbox 829 639 993 676; x_wconf 79' lang='lat' dir='ltr'>Catullus</span> <span class='ocrx_word' id='word_1_34' title='bbox 1016 640 1116 676; x_wconf 89' lang='lat' dir='ltr'>omni</span> <span class='ocrx_word' id='word_1_35' title='bbox 1140 640 1365 686; x_wconf 81' lang='lat' dir='ltr'>indulgentia</span> <span class='ocrx_word' id='word_1_36' title='bbox 1385 643 1496 687; x_wconf 88' lang='lat' dir='ltr'>atque</span> <span class='ocrx_word' id='word_1_37' title='bbox 1518 640 1618 675; x_wconf 91' lang='lat' dir='ltr'>omni</span> 
     </span>
     <span class='ocr_line' id='line_1_7' title="bbox 365 712 1618 764; baseline -0.001 -13"><span class='ocrx_word' id='word_1_38' title='bbox 365 716 541 762; x_wconf 86' lang='lat' dir='ltr'>patientia</span> <span class='ocrx_word' id='word_1_39' title='bbox 563 716 728 762; x_wconf 80' lang='lat' dir='ltr'>sepositis</span> <span class='ocrx_word' id='word_1_40' title='bbox 752 716 917 750; x_wconf 87' lang='lat' dir='ltr'>animum</span> <span class='ocrx_word' id='word_1_41' title='bbox 940 712 1083 764; x_wconf 79' lang='lat' dir='ltr'>recepit*¹</span> <span class='ocrx_word' id='word_1_42' title='bbox 1094 718 1130 750; x_wconf 94' lang='lat' dir='ltr'>et</span> <span class='ocrx_word' id='word_1_43' title='bbox 1144 726 1256 750; x_wconf 87' lang='lat' dir='ltr'>sanae</span> <span class='ocrx_word' id='word_1_44' title='bbox 1269 715 1405 751; x_wconf 90' lang='lat' dir='ltr'>mentis</span> <span class='ocrx_word' id='word_1_45' title='bbox 1418 715 1618 762; x_wconf 89' lang='lat' dir='ltr'>praeceptis</span> 
     </span>
     <span class='ocr_line' id='line_1_8' title="bbox 365 790 1617 838; baseline 0 -13"><span class='ocrx_word' id='word_1_46' title='bbox 365 792 496 838; x_wconf 86' lang='lat' dir='ltr'>paruit.</span> <span class='ocrx_word' id='word_1_47' title='bbox 540 790 695 826; x_wconf 84' lang='lat' dir='ltr'>Difficile</span> <span class='ocrx_word' id='word_1_48' title='bbox 736 791 805 826; x_wconf 85' lang='lat' dir='ltr'>fuit</span> <span class='ocrx_word' id='word_1_49' title='bbox 841 790 991 836; x_wconf 81' lang='lat' dir='ltr'>longum</span> <span class='ocrx_word' id='word_1_50' title='bbox 1030 790 1211 838; x_wconf 87' lang='lat' dir='ltr'>deponere</span> <span class='ocrx_word' id='word_1_51' title='bbox 1248 801 1422 827; x_wconf 88' lang='lat' dir='ltr'>amorem.</span> <span class='ocrx_word' id='word_1_52' title='bbox 1461 790 1617 826; x_wconf 85' lang='lat' dir='ltr'>Difficile</span> 
     </span>
     <span class='ocr_line' id='line_1_9' title="bbox 364 859 1617 913; baseline 0 -12"><span class='ocrx_word' id='word_1_53' title='bbox 364 868 454 910; x_wconf 89' lang='lat' dir='ltr'>fuit,</span> <span class='ocrx_word' id='word_1_54' title='bbox 482 870 519 901; x_wconf 90' lang='lat' dir='ltr'>at</span> <span class='ocrx_word' id='word_1_55' title='bbox 552 867 622 902; x_wconf 92' lang='lat' dir='ltr'>hoc</span> <span class='ocrx_word' id='word_1_56' title='bbox 653 869 695 902; x_wconf 88' lang='lat' dir='ltr'>ut</span> <span class='ocrx_word' id='word_1_57' title='bbox 723 859 896 913; x_wconf 87' lang='lat' dir='ltr'>qualubet</span> <span class='ocrx_word' id='word_1_58' title='bbox 915 866 1058 901; x_wconf 88' lang='lat' dir='ltr'>ratione</span> <span class='ocrx_word' id='word_1_59' title='bbox 1080 867 1290 913; x_wconf 87' lang='lat' dir='ltr'>perficeret,</span> <span class='ocrx_word' id='word_1_60' title='bbox 1306 866 1470 902; x_wconf 89' lang='lat' dir='ltr'>omnium</span> <span class='ocrx_word' id='word_1_61' title='bbox 1484 867 1617 902; x_wconf 91' lang='lat' dir='ltr'>virium</span> 
     </span>
     <span class='ocr_line' id='line_1_10' title="bbox 366 940 1235 988; baseline 0 -12"><span class='ocrx_word' id='word_1_62' title='bbox 366 942 572 977; x_wconf 85' lang='lat' dir='ltr'>intentione</span> <span class='ocrx_word' id='word_1_63' title='bbox 599 941 786 977; x_wconf 88' lang='lat' dir='ltr'>contendit</span> <span class='ocrx_word' id='word_1_64' title='bbox 815 940 861 988; x_wconf 87' lang='lat' dir='ltr'>(c.</span> <span class='ocrx_word' id='word_1_65' title='bbox 894 940 981 988; x_wconf 88' lang='grc'>76),</span> <span class='ocrx_word' id='word_1_66' title='bbox 1011 944 1048 976; x_wconf 88' lang='lat' dir='ltr'>et</span> <span class='ocrx_word' id='word_1_67' title='bbox 1075 941 1235 988; x_wconf 82' lang='lat' dir='ltr'>perfecit.</span> 
     </span>
    </p>

    <p class='ocr_par' dir='ltr' id='par_1_4' title="bbox 363 1016 1618 1440">
     <span class='ocr_line' id='line_1_11' title="bbox 423 1016 1616 1063; baseline -0.001 -11"><span class='ocrx_word' id='word_1_68' title='bbox 423 1017 548 1053; x_wconf 84' lang='lat' dir='ltr'>Paullo</span> <span class='ocrx_word' id='word_1_69' title='bbox 576 1019 657 1063; x_wconf 90' lang='lat' dir='ltr'>post</span> <span class='ocrx_word' id='word_1_70' title='bbox 686 1017 830 1063; x_wconf 84' lang='lat' dir='ltr'>scripsit</span> <span class='ocrx_word' id='word_1_71' title='bbox 856 1028 1003 1051; x_wconf 84' lang='lat' dir='ltr'>carmen</span> <span class='ocrx_word' id='word_1_72' title='bbox 1029 1016 1119 1059; x_wconf 73' lang='lat'>6823</span> <span class='ocrx_word' id='word_1_73' title='bbox 1144 1028 1257 1062; x_wconf 89' lang='lat' dir='ltr'>quum</span> <span class='ocrx_word' id='word_1_74' title='bbox 1288 1016 1443 1052; x_wconf 86' lang='lat' dir='ltr'>Manlius</span> <span class='ocrx_word' id='word_1_75' title='bbox 1467 1016 1616 1063; x_wconf 88' lang='lat' dir='ltr'>quidam</span> 
     </span>
     <span class='ocr_line' id='line_1_12' title="bbox 365 1090 1618 1139; baseline -0.002 -12"><span class='ocrx_word' id='word_1_76' title='bbox 365 1103 430 1139; x_wconf 91' lang='lat' dir='ltr'>per</span> <span class='ocrx_word' id='word_1_77' title='bbox 468 1092 658 1139; x_wconf 88' lang='lat' dir='ltr'>epistolam</span> <span class='ocrx_word' id='word_1_78' title='bbox 683 1090 865 1126; x_wconf 87' lang='lat' dir='ltr'>Catullum</span> <span class='ocrx_word' id='word_1_79' title='bbox 894 1091 1115 1138; x_wconf 81' lang='lat' dir='ltr'>rogavisset,</span> <span class='ocrx_word' id='word_1_80' title='bbox 1143 1094 1185 1127; x_wconf 89' lang='lat' dir='ltr'>ut</span> <span class='ocrx_word' id='word_1_81' title='bbox 1213 1102 1252 1127; x_wconf 90' lang='lat' dir='ltr'>se</span> <span class='ocrx_word' id='word_1_82' title='bbox 1282 1091 1391 1127; x_wconf 90' lang='lat' dir='ltr'>variis</span> <span class='ocrx_word' id='word_1_83' title='bbox 1419 1090 1527 1126; x_wconf 90' lang='lat' dir='ltr'>rebus</span> <span class='ocrx_word' id='word_1_84' title='bbox 1555 1091 1618 1125; x_wconf 91' lang='lat' dir='ltr'>ad-</span> 
     </span>
     <span class='ocr_line' id='line_1_13' title="bbox 363 1166 1607 1213; baseline -0.001 -11"><span class='ocrx_word' id='word_1_85' title='bbox 363 1168 504 1202; x_wconf 90' lang='lat' dir='ltr'>flictum</span> <span class='ocrx_word' id='word_1_86' title='bbox 528 1167 751 1202; x_wconf 85' lang='lat' dir='ltr'>carminibus</span> <span class='ocrx_word' id='word_1_87' title='bbox 773 1167 960 1202; x_wconf 86' lang='lat' dir='ltr'>amatoriis</span> <span class='ocrx_word' id='word_1_88' title='bbox 983 1167 1208 1202; x_wconf 78' lang='lat' dir='ltr'>transmissis</span> <span class='ocrx_word' id='word_1_89' title='bbox 1232 1166 1498 1213; x_wconf 88' lang='lat' dir='ltr'>quodammodo</span> <span class='ocrx_word' id='word_1_90' title='bbox 1521 1178 1607 1201; x_wconf 85' lang='lat' dir='ltr'>con-</span> 
     </span>
     <span class='ocr_line' id='line_1_14' title="bbox 365 1242 1617 1290; baseline -0.001 -13"><span class='ocrx_word' id='word_1_91' title='bbox 365 1242 544 1278; x_wconf 87' lang='lat' dir='ltr'>solaretur</span> <span class='ocrx_word' id='word_1_92' title='bbox 571 1244 607 1277; x_wconf 91' lang='lat' dir='ltr'>et</span> <span class='ocrx_word' id='word_1_93' title='bbox 630 1242 806 1288; x_wconf 85' lang='lat' dir='ltr'>erigeret,</span> <span class='ocrx_word' id='word_1_94' title='bbox 829 1244 935 1289; x_wconf 85' lang='lat' dir='ltr'>poeta</span> <span class='ocrx_word' id='word_1_95' title='bbox 961 1242 1078 1277; x_wconf 87' lang='lat' dir='ltr'>amico</span> <span class='ocrx_word' id='word_1_96' title='bbox 1104 1242 1308 1290; x_wconf 85' lang='lat' dir='ltr'>respondit,</span> <span class='ocrx_word' id='word_1_97' title='bbox 1333 1253 1372 1277; x_wconf 90' lang='lat' dir='ltr'>se</span> <span class='ocrx_word' id='word_1_98' title='bbox 1397 1253 1510 1289; x_wconf 90' lang='lat' dir='ltr'>quum</span> <span class='ocrx_word' id='word_1_99' title='bbox 1543 1252 1617 1276; x_wconf 91' lang='lat' dir='ltr'>non</span> 
     </span>
     <span class='ocr_line' id='line_1_15' title="bbox 372 1316 1618 1364; baseline -0.001 -11"><span class='ocrx_word' id='word_1_100' title='bbox 372 1317 596 1361; x_wconf 85' lang='lat' dir='ltr'>minoribus,</span> <span class='ocrx_word' id='word_1_101' title='bbox 634 1328 745 1363; x_wconf 89' lang='lat' dir='ltr'>quam</span> <span class='ocrx_word' id='word_1_102' title='bbox 781 1316 842 1352; x_wconf 93' lang='lat' dir='ltr'>ille</span> <span class='ocrx_word' id='word_1_103' title='bbox 878 1317 1147 1353; x_wconf 82' lang='lat' dir='ltr'>calamitatibus</span> <span class='ocrx_word' id='word_1_104' title='bbox 1177 1318 1462 1364; x_wconf 89' lang='lat' dir='ltr'>opprimeretur,</span> <span class='ocrx_word' id='word_1_105' title='bbox 1492 1317 1618 1352; x_wconf 91' lang='lat' dir='ltr'>Manlii</span> 
     </span>
     <span class='ocr_line' id='line_1_16' title="bbox 364 1392 1013 1440; baseline -0.003 -11"><span class='ocrx_word' id='word_1_106' title='bbox 364 1393 532 1440; x_wconf 89' lang='lat' dir='ltr'>precibus</span> <span class='ocrx_word' id='word_1_107' title='bbox 559 1392 768 1428; x_wconf 87' lang='lat' dir='ltr'>satisfacere</span> <span class='ocrx_word' id='word_1_108' title='bbox 795 1403 869 1427; x_wconf 90' lang='lat' dir='ltr'>non</span> <span class='ocrx_word' id='word_1_109' title='bbox 897 1403 1013 1439; x_wconf 87' lang='lat' dir='ltr'>posse.</span> 
     </span>
    </p>

    <p class='ocr_par' dir='ltr' id='par_1_5' title="bbox 362 1467 1618 2421">
     <span class='ocr_line' id='line_1_17' title="bbox 419 1467 1618 1514; baseline -0.001 -11"><span class='ocrx_word' id='word_1_110' title='bbox 419 1468 467 1504; x_wconf 94' lang='lat' dir='ltr'>Ut</span> <span class='ocrx_word' id='word_1_111' title='bbox 499 1468 669 1503; x_wconf 83' lang='lat' dir='ltr'>dolorem.</span> <span class='ocrx_word' id='word_1_112' title='bbox 691 1467 736 1502; x_wconf 93' lang='lat' dir='ltr'>de</span> <span class='ocrx_word' id='word_1_113' title='bbox 764 1467 889 1502; x_wconf 87' lang='lat' dir='ltr'>fratris</span> <span class='ocrx_word' id='word_1_114' title='bbox 913 1470 1051 1511; x_wconf 88' lang='lat' dir='ltr'>morte,</span> <span class='ocrx_word' id='word_1_115' title='bbox 1078 1478 1171 1514; x_wconf 89' lang='lat' dir='ltr'>quae</span> <span class='ocrx_word' id='word_1_116' title='bbox 1195 1468 1232 1502; x_wconf 90' lang='lat' dir='ltr'>in</span> <span class='ocrx_word' id='word_1_117' title='bbox 1255 1467 1353 1502; x_wconf 89' lang='lat' dir='ltr'>idem</span> <span class='ocrx_word' id='word_1_118' title='bbox 1374 1467 1502 1502; x_wconf 90' lang='lat' dir='ltr'>incidit</span> <span class='ocrx_word' id='word_1_119' title='bbox 1525 1470 1618 1502; x_wconf 88' lang='lat' dir='ltr'>tem-</span> 
     </span>
     <span class='ocr_line' id='line_1_18' title="bbox 362 1543 1616 1591; baseline -0.002 -11"><span class='ocrx_word' id='word_1_120' title='bbox 362 1556 430 1591; x_wconf 88' lang='lat' dir='ltr'>pus</span> <span class='ocrx_word' id='word_1_121' title='bbox 468 1547 505 1579; x_wconf 88' lang='lat' dir='ltr'>et</span> <span class='ocrx_word' id='word_1_122' title='bbox 539 1544 584 1579; x_wconf 90' lang='lat' dir='ltr'>de</span> <span class='ocrx_word' id='word_1_123' title='bbox 619 1543 784 1591; x_wconf 85' lang='lat' dir='ltr'>turpibus</span> <span class='ocrx_word' id='word_1_124' title='bbox 823 1543 995 1587; x_wconf 82' lang='lat' dir='ltr'>Lesbiae,</span> <span class='ocrx_word' id='word_1_125' title='bbox 1032 1555 1142 1590; x_wconf 87' lang='lat' dir='ltr'>quam</span> <span class='ocrx_word' id='word_1_126' title='bbox 1182 1543 1366 1590; x_wconf 86' lang='lat' dir='ltr'>quondam</span> <span class='ocrx_word' id='word_1_127' title='bbox 1394 1543 1475 1590; x_wconf 90' lang='lat' dir='ltr'>plus</span> <span class='ocrx_word' id='word_1_128' title='bbox 1504 1543 1616 1578; x_wconf 87' lang='lat' dir='ltr'>oculis</span> 
     </span>
     <span class='ocr_line' id='line_1_19' title="bbox 364 1610 1617 1665; baseline -0.002 -11"><span class='ocrx_word' id='word_1_129' title='bbox 364 1621 572 1663; x_wconf 88' lang='lat' dir='ltr'>amaverat,</span> <span class='ocrx_word' id='word_1_130' title='bbox 615 1618 779 1653; x_wconf 90' lang='lat' dir='ltr'>moribus</span> <span class='ocrx_word' id='word_1_131' title='bbox 820 1618 951 1653; x_wconf 88' lang='lat' dir='ltr'>leniret</span> <span class='ocrx_word' id='word_1_132' title='bbox 992 1618 1029 1652; x_wconf 90' lang='lat' dir='ltr'>in</span> <span class='ocrx_word' id='word_1_133' title='bbox 1074 1618 1285 1665; x_wconf 79' lang='lat' dir='ltr'>Bithyniam</span> <span class='ocrx_word' id='word_1_134' title='bbox 1327 1618 1397 1652; x_wconf 87' lang='lat' dir='ltr'>iter</span> <span class='ocrx_word' id='word_1_135' title='bbox 1441 1610 1617 1664; x_wconf 80' lang='lat' dir='ltr'>suscepit,</span> 
     </span>
     <span class='ocr_line' id='line_1_20' title="bbox 367 1693 1615 1740; baseline -0.003 -8"><span class='ocrx_word' id='word_1_136' title='bbox 367 1698 489 1739; x_wconf 88' lang='lat' dir='ltr'>Quum</span> <span class='ocrx_word' id='word_1_137' title='bbox 527 1708 624 1733; x_wconf 90' lang='lat' dir='ltr'>anno</span> <span class='ocrx_word' id='word_1_138' title='bbox 662 1696 714 1732; x_wconf 89' lang='grc'>56</span> <span class='ocrx_word' id='word_1_139' title='bbox 751 1697 902 1732; x_wconf 88' lang='lat' dir='ltr'>ineunte</span> <span class='ocrx_word' id='word_1_140' title='bbox 934 1696 1122 1740; x_wconf 87' lang='lat' dir='ltr'>rediisset,</span> <span class='ocrx_word' id='word_1_141' title='bbox 1160 1694 1300 1730; x_wconf 88' lang='lat' dir='ltr'>audivit</span> <span class='ocrx_word' id='word_1_142' title='bbox 1337 1694 1382 1730; x_wconf 92' lang='lat' dir='ltr'>de</span> <span class='ocrx_word' id='word_1_143' title='bbox 1430 1693 1615 1729; x_wconf 86' lang='lat' dir='ltr'>Ciceronis</span> 
     </span>
     <span class='ocr_line' id='line_1_21' title="bbox 363 1769 1618 1819; baseline -0.004 -11"><span class='ocrx_word' id='word_1_144' title='bbox 363 1784 429 1819; x_wconf 92' lang='lat' dir='ltr'>pro</span> <span class='ocrx_word' id='word_1_145' title='bbox 469 1771 591 1807; x_wconf 87' lang='lat' dir='ltr'>Caelio</span> <span class='ocrx_word' id='word_1_146' title='bbox 630 1772 814 1816; x_wconf 85' lang='lat' dir='ltr'>oratione,</span> <span class='ocrx_word' id='word_1_147' title='bbox 844 1782 955 1818; x_wconf 88' lang='lat' dir='ltr'>quam</span> <span class='ocrx_word' id='word_1_148' title='bbox 983 1770 1030 1806; x_wconf 91' lang='lat' dir='ltr'>ob</span> <span class='ocrx_word' id='word_1_149' title='bbox 1057 1782 1135 1805; x_wconf 92' lang='lat' dir='ltr'>rem</span> <span class='ocrx_word' id='word_1_150' title='bbox 1164 1769 1273 1816; x_wconf 85' lang='lat' dir='ltr'>hujus</span> <span class='ocrx_word' id='word_1_151' title='bbox 1301 1769 1508 1805; x_wconf 83' lang='lat' dir='ltr'>facultatem</span> <span class='ocrx_word' id='word_1_152' title='bbox 1538 1780 1618 1804; x_wconf 87' lang='lat' dir='ltr'>ora-</span> 
     </span>
     <span class='ocr_line' id='line_1_22' title="bbox 364 1845 1618 1891; baseline -0.003 -8"><span class='ocrx_word' id='word_1_153' title='bbox 364 1850 497 1885; x_wconf 85' lang='lat' dir='ltr'>toriam</span> <span class='ocrx_word' id='word_1_154' title='bbox 526 1850 689 1884; x_wconf 85' lang='lat' dir='ltr'>carmine</span> <span class='ocrx_word' id='word_1_155' title='bbox 718 1848 770 1883; x_wconf 85' lang='lat'>49</span> <span class='ocrx_word' id='word_1_156' title='bbox 793 1847 1006 1883; x_wconf 84' lang='lat' dir='ltr'>celebravit:</span> <span class='ocrx_word' id='word_1_157' title='bbox 1036 1846 1305 1882; x_wconf 84' lang='lat' dir='ltr'>“Disertissime</span> <span class='ocrx_word' id='word_1_158' title='bbox 1339 1845 1485 1880; x_wconf 90' lang='lat' dir='ltr'>Romuli</span> <span class='ocrx_word' id='word_1_159' title='bbox 1508 1856 1618 1891; x_wconf 90' lang='lat' dir='ltr'>nepo-</span> 
     </span>
     <span class='ocr_line' id='line_1_23' title="bbox 364 1921 1617 1969; baseline -0.004 -9"><span class='ocrx_word' id='word_1_160' title='bbox 364 1926 478 1961; x_wconf 89' lang='lat' dir='ltr'>tum’&#39;.</span> <span class='ocrx_word' id='word_1_161' title='bbox 509 1924 648 1960; x_wconf 89' lang='lat' dir='ltr'>Eodem</span> <span class='ocrx_word' id='word_1_162' title='bbox 677 1924 752 1959; x_wconf 91' lang='lat' dir='ltr'>fere</span> <span class='ocrx_word' id='word_1_163' title='bbox 780 1926 944 1969; x_wconf 89' lang='lat' dir='ltr'>tempore</span> <span class='ocrx_word' id='word_1_164' title='bbox 972 1925 1098 1969; x_wconf 87' lang='lat' dir='ltr'>poeta,</span> <span class='ocrx_word' id='word_1_165' title='bbox 1129 1933 1202 1957; x_wconf 92' lang='lat' dir='ltr'>non</span> <span class='ocrx_word' id='word_1_166' title='bbox 1230 1925 1307 1956; x_wconf 89' lang='lat' dir='ltr'>tam</span> <span class='ocrx_word' id='word_1_167' title='bbox 1336 1921 1451 1956; x_wconf 88' lang='lat' dir='ltr'>iratus</span> <span class='ocrx_word' id='word_1_168' title='bbox 1485 1924 1521 1956; x_wconf 92' lang='lat' dir='ltr'>et</span> <span class='ocrx_word' id='word_1_169' title='bbox 1555 1921 1617 1956; x_wconf 90' lang='lat' dir='ltr'>de-</span> 
     </span>
     <span class='ocr_line' id='line_1_24' title="bbox 363 1996 1617 2048; baseline -0.005 -11"><span class='ocrx_word' id='word_1_170' title='bbox 363 2001 569 2048; x_wconf 89' lang='lat' dir='ltr'>speratione</span> <span class='ocrx_word' id='word_1_171' title='bbox 597 2010 805 2047; x_wconf 89' lang='lat' dir='ltr'>oppressus,</span> <span class='ocrx_word' id='word_1_172' title='bbox 834 2009 945 2045; x_wconf 88' lang='lat' dir='ltr'>quam</span> <span class='ocrx_word' id='word_1_173' title='bbox 973 1998 1097 2033; x_wconf 87' lang='lat' dir='ltr'>animo</span> <span class='ocrx_word' id='word_1_174' title='bbox 1125 2008 1242 2044; x_wconf 86' lang='lat' dir='ltr'>aequo</span> <span class='ocrx_word' id='word_1_175' title='bbox 1266 2008 1308 2033; x_wconf 88' lang='lat' dir='ltr'>ac</span> <span class='ocrx_word' id='word_1_176' title='bbox 1329 1996 1453 2032; x_wconf 87' lang='lat' dir='ltr'>sedato</span> <span class='ocrx_word' id='word_1_177' title='bbox 1469 2007 1617 2031; x_wconf 90' lang='lat' dir='ltr'>carmen</span> 
     </span>
     <span class='ocr_line' id='line_1_25' title="bbox 363 2072 1617 2118; baseline -0.005 -6"><span class='ocrx_word' id='word_1_178' title='bbox 363 2076 415 2112; x_wconf 87' lang='lat'>58</span> <span class='ocrx_word' id='word_1_179' title='bbox 459 2076 507 2111; x_wconf 88' lang='lat' dir='ltr'>ad</span> <span class='ocrx_word' id='word_1_180' title='bbox 554 2075 713 2111; x_wconf 89' lang='lat' dir='ltr'>eundem</span> <span class='ocrx_word' id='word_1_181' title='bbox 751 2074 799 2109; x_wconf 92' lang='lat' dir='ltr'>M.</span> <span class='ocrx_word' id='word_1_182' title='bbox 838 2073 1001 2109; x_wconf 86' lang='lat' dir='ltr'>Caelium</span> <span class='ocrx_word' id='word_1_183' title='bbox 1040 2073 1177 2108; x_wconf 89' lang='lat' dir='ltr'>Rufum</span> <span class='ocrx_word' id='word_1_184' title='bbox 1220 2073 1340 2116; x_wconf 89' lang='lat' dir='ltr'>misit,</span> <span class='ocrx_word' id='word_1_185' title='bbox 1379 2083 1487 2118; x_wconf 89' lang='lat' dir='ltr'>quem</span> <span class='ocrx_word' id='word_1_186' title='bbox 1531 2072 1617 2107; x_wconf 90' lang='lat' dir='ltr'>olim</span> 
     </span>
     <span class='ocr_line' id='line_1_26' title="bbox 363 2147 1618 2196; baseline -0.005 -8"><span class='ocrx_word' id='word_1_187' title='bbox 363 2153 549 2188; x_wconf 84' lang='lat' dir='ltr'>aemulum</span> <span class='ocrx_word' id='word_1_188' title='bbox 572 2151 712 2187; x_wconf 86' lang='lat' dir='ltr'>acerbis</span> <span class='ocrx_word' id='word_1_189' title='bbox 741 2149 970 2185; x_wconf 87' lang='lat' dir='ltr'>contumeliis</span> <span class='ocrx_word' id='word_1_190' title='bbox 999 2151 1210 2196; x_wconf 85' lang='lat' dir='ltr'>persecutus</span> <span class='ocrx_word' id='word_1_191' title='bbox 1236 2150 1333 2183; x_wconf 88' lang='lat' dir='ltr'>erat:</span> <span class='ocrx_word' id='word_1_192' title='bbox 1363 2147 1505 2192; x_wconf 83' lang='lat' dir='ltr'>“Caeli,</span> <span class='ocrx_word' id='word_1_193' title='bbox 1532 2147 1618 2182; x_wconf 90' lang='lat' dir='ltr'>Les-</span> 
     </span>
     <span class='ocr_line' id='line_1_27' title="bbox 362 2223 1617 2279; baseline -0.006 -14"><span class='ocrx_word' id='word_1_194' title='bbox 362 2229 422 2265; x_wconf 85' lang='lat' dir='ltr'>bia</span> <span class='ocrx_word' id='word_1_195' title='bbox 451 2232 597 2273; x_wconf 89' lang='lat' dir='ltr'>nostra,</span> <span class='ocrx_word' id='word_1_196' title='bbox 627 2227 758 2263; x_wconf 88' lang='lat' dir='ltr'>Lesbia</span> <span class='ocrx_word' id='word_1_197' title='bbox 787 2226 881 2262; x_wconf 88' lang='lat' dir='ltr'>illa’&#39;.</span> <span class='ocrx_word' id='word_1_198' title='bbox 912 2225 1079 2272; x_wconf 91' lang='lat' dir='ltr'>Denique</span> <span class='ocrx_word' id='word_1_199' title='bbox 1109 2224 1272 2260; x_wconf 90' lang='lat' dir='ltr'>Catullus</span> <span class='ocrx_word' id='word_1_200' title='bbox 1302 2224 1453 2260; x_wconf 89' lang='lat' dir='ltr'>Furium</span> <span class='ocrx_word' id='word_1_201' title='bbox 1483 2226 1521 2279; x_wconf 86' lang='lat' dir='ltr'>et</span> <span class='ocrx_word' id='word_1_202' title='bbox 1542 2223 1617 2258; x_wconf 90' lang='lat' dir='ltr'>Au-</span> 
     </span>
     <span class='ocr_line' id='line_1_28' title="bbox 363 2299 1618 2350; baseline -0.006 -9"><span class='ocrx_word' id='word_1_203' title='bbox 363 2305 493 2341; x_wconf 88' lang='lat' dir='ltr'>relium</span> <span class='ocrx_word' id='word_1_204' title='bbox 527 2303 638 2350; x_wconf 83' lang='lat' dir='ltr'>jussit</span> <span class='ocrx_word' id='word_1_205' title='bbox 675 2314 791 2350; x_wconf 90' lang='lat' dir='ltr'>pauca</span> <span class='ocrx_word' id='word_1_206' title='bbox 828 2313 902 2337; x_wconf 91' lang='lat' dir='ltr'>non</span> <span class='ocrx_word' id='word_1_207' title='bbox 941 2301 1037 2336; x_wconf 87' lang='lat' dir='ltr'>bona</span> <span class='ocrx_word' id='word_1_208' title='bbox 1065 2301 1162 2336; x_wconf 88' lang='lat' dir='ltr'>dicta</span> <span class='ocrx_word' id='word_1_209' title='bbox 1204 2300 1345 2347; x_wconf 87' lang='lat' dir='ltr'>puellae</span> <span class='ocrx_word' id='word_1_210' title='bbox 1387 2299 1618 2343; x_wconf 85' lang='lat' dir='ltr'>renuntiare,</span> 
     </span>
     <span class='ocr_line' id='line_1_29' title="bbox 364 2375 1250 2421; baseline -0.007 -5"><span class='ocrx_word' id='word_1_211' title='bbox 364 2392 393 2416; x_wconf 86' lang='lat' dir='ltr'>c.</span> <span class='ocrx_word' id='word_1_212' title='bbox 424 2379 495 2415; x_wconf 85' lang='lat'>11:</span> <span class='ocrx_word' id='word_1_213' title='bbox 530 2379 641 2414; x_wconf 87' lang='lat' dir='ltr'>“Furi</span> <span class='ocrx_word' id='word_1_214' title='bbox 664 2381 702 2413; x_wconf 93' lang='lat' dir='ltr'>et</span> <span class='ocrx_word' id='word_1_215' title='bbox 726 2378 873 2421; x_wconf 89' lang='lat' dir='ltr'>Aureli,</span> <span class='ocrx_word' id='word_1_216' title='bbox 903 2377 1055 2412; x_wconf 89' lang='lat' dir='ltr'>comites</span> <span class='ocrx_word' id='word_1_217' title='bbox 1084 2375 1250 2411; x_wconf 88' lang='lat' dir='ltr'>Catulli&#39;’.</span> 
     </span>
    </p>

    <p class='ocr_par' dir='ltr' id='par_1_6' title="bbox 419 2451 1618 2499">
     <span class='ocr_line' id='line_1_30' title="bbox 419 2451 1618 2499; baseline -0.004 -9"><span class='ocrx_word' id='word_1_218' title='bbox 419 2456 461 2490; x_wconf 92' lang='lat' dir='ltr'>In</span> <span class='ocrx_word' id='word_1_219' title='bbox 486 2456 585 2490; x_wconf 87' lang='lat' dir='ltr'>hunc</span> <span class='ocrx_word' id='word_1_220' title='bbox 610 2454 759 2490; x_wconf 89' lang='lat' dir='ltr'>modum</span> <span class='ocrx_word' id='word_1_221' title='bbox 776 2452 991 2489; x_wconf 87' lang='lat' dir='ltr'>Schwabius</span> <span class='ocrx_word' id='word_1_222' title='bbox 1008 2452 1215 2499; x_wconf 81' lang='lat' dir='ltr'>disputavit.</span> <span class='ocrx_word' id='word_1_223' title='bbox 1242 2451 1371 2486; x_wconf 89' lang='lat' dir='ltr'>Finem</span> <span class='ocrx_word' id='word_1_224' title='bbox 1400 2451 1485 2486; x_wconf 83' lang='lat' dir='ltr'>fecit</span> <span class='ocrx_word' id='word_1_225' title='bbox 1513 2461 1618 2486; x_wconf 85' lang='lat' dir='ltr'>accu-</span> 
     </span>
    </p>
   </div>
   <div class='ocr_carea' id='block_1_3' title="bbox 364 2526 1617 2578">
    <p class='ocr_par' dir='ltr' id='par_1_7' title="bbox 364 2526 1617 2578">
     <span class='ocr_line' id='line_1_31' title="bbox 364 2526 1617 2578; baseline -0.005 -11"><span class='ocrx_word' id='word_1_226' title='bbox 364 2534 444 2567; x_wconf 89' lang='lat' dir='ltr'>rate</span> <span class='ocrx_word' id='word_1_227' title='bbox 468 2534 612 2578; x_wconf 90' lang='lat' dir='ltr'>tempus</span> <span class='ocrx_word' id='word_1_228' title='bbox 637 2529 846 2566; x_wconf 86' lang='lat' dir='ltr'>definiendo</span> <span class='ocrx_word' id='word_1_229' title='bbox 857 2558 866 2575; x_wconf 80' lang='lat'><em>‚</em></span> <span class='ocrx_word' id='word_1_230' title='bbox 890 2540 956 2576; x_wconf 92' lang='lat' dir='ltr'>per</span> <span class='ocrx_word' id='word_1_231' title='bbox 971 2528 1068 2575; x_wconf 88' lang='lat' dir='ltr'>quod</span> <span class='ocrx_word' id='word_1_232' title='bbox 1084 2527 1212 2563; x_wconf 86' lang='lat' dir='ltr'>Lesbia</span> <span class='ocrx_word' id='word_1_233' title='bbox 1230 2526 1413 2563; x_wconf 88' lang='lat' dir='ltr'>Catullum</span> <span class='ocrx_word' id='word_1_234' title='bbox 1429 2526 1617 2562; x_wconf 86' lang='lat' dir='ltr'>amaverit.</span> 
     </span>
    </p>
   </div>
  </div>
 </body>
</html>
