1892 3007
812 216 886 259 121

248 343 363 385 aeset,
400 352 443 377 eo
476 341 606 388 majori
635 342 672 377 id
700 342 768 378 sibi
797 342 930 389 probro
957 342 1132 377 futurum.
1163 340 1244 382 Qua
1271 351 1311 375 re
1340 342 1500 388 primum

247 416 410 452 carmina
437 428 502 452 sua
530 417 665 453 amoris
694 417 839 464 pristini
867 417 1001 463 gaudia
1029 420 1066 452 et
1087 416 1292 463 voluptates
1317 415 1501 452 celebran-

245 492 297 527 tia
324 503 436 538 penes
464 491 633 527 Lesbiam
664 503 813 527 manere
841 493 960 528 noluit
988 495 1025 528 et
1052 492 1098 527 ab
1126 503 1169 527 ea
1197 491 1259 527 illa
1285 492 1497 538 repoposcit.

246 565 318 602 Sed
346 565 490 611 Clodia,
506 567 653 614 opinata
682 578 721 602 se
753 567 917 602 animum
951 567 1084 603 Catulli
1114 566 1382 602 iracundiorem
1410 567 1498 602 arti-

245 642 336 677 ficiis
360 642 430 677 illis
441 669 450 686 ‚
467 642 597 688 quibus
611 645 689 677 tam
704 653 813 688 saepe
826 645 974 688 poetam
990 642 1059 677 sibi
1074 642 1380 677 reconciliavisset
1393 642 1498 677 facile

247 716 497 763 mitigaturam
521 727 620 760 esse,
645 716 809 752 carmina
831 716 985 751 reddere
1011 717 1205 760 recusavit;
1232 720 1309 751 tum
1336 716 1498 751 Catullus

172 831 176 833 μ
246 792 300 827 ira
328 795 375 827 et,
387 791 639 837 indignatione
662 794 849 838 permotus
877 792 915 826 in
944 771 1043 826 illam
1068 802 1216 826 carmen
1239 791 1309 826 42:
1339 791 1498 827 “Adeste

245 866 558 913 hendecasyllabi,
587 869 676 913 quot
703 867 812 902 estis”
838 866 1004 913 scripsit,
1046 877 1118 913 quo
1143 866 1307 902 acerbius
1343 866 1382 901 in
1417 865 1499 901 Clo-

246 941 345 978 diam
381 943 557 989 scriptum
595 942 633 976 in
661 941 782 977 libello
811 940 1015 977 Catulliano
1044 953 1118 977 non
1149 941 1337 988 reperitur.
1368 941 1494 977 Paullo

248 1020 443 1064 postquam
478 1016 602 1051 animo
638 1016 846 1051 vehementi
884 1019 920 1051 et
956 1017 1049 1051 irato
1078 1015 1241 1057 Catullus
1270 1027 1416 1052 carmen
1445 1017 1496 1051 42

246 1092 407 1138 scripsit,
450 1091 612 1126 carmine
655 1090 701 1125 8:
748 1090 883 1126 “Miser
924 1089 1083 1135 Catulle,
1121 1091 1265 1127 desinas
1296 1091 1495 1138 ineptire”,

249 1166 389 1214 puellae
427 1165 600 1201 valedixit
625 1164 772 1212 sedate,
809 1165 873 1200 sed
900 1165 971 1210 ita,
999 1168 1041 1201 ut
1068 1165 1171 1201 facile
1199 1165 1431 1211 intellegatur
1459 1168 1496 1200 et

251 1241 418 1277 Lesbiam
449 1241 559 1276 etiam
587 1244 667 1276 tum
695 1251 717 1275 a
743 1243 850 1288 poeta
878 1240 1049 1275 ardenter
1071 1241 1208 1285 amari,
1233 1243 1288 1285 et,
1313 1240 1341 1276 si
1365 1240 1495 1275 Lesbia

249 1317 358 1353 fidem
387 1316 555 1362 religiose
577 1326 722 1351 servare
744 1316 990 1363 promitteret3
1015 1314 1198 1351 Catullum
1221 1316 1497 1363 paratissimum

245 1392 322 1427 sore
348 1391 395 1427 ad
422 1402 586 1426 amorem
619 1390 959 1437 redintegrandum.
985 1390 1091 1427 Hanc
1118 1392 1289 1427 carminis
1316 1393 1497 1428 rationem

248 1466 444 1502 Mauricius
479 1466 660 1512 Hauptius
697 1466 992 1501 observationum
1029 1466 1258 1511 criticamm,
1281 1479 1314 1513 p.
1352 1467 1376 1502 2
1405 1470 1442 1503 et
1470 1468 1494 1503 3

246 1541 303 1576 his
332 1540 451 1576 verbis
478 1540 572 1575 bene
600 1541 784 1587 exposuit:
806 1541 867 1575 “in
894 1541 964 1576 hoc
992 1541 1203 1577 dulcissimo
1218 1541 1383 1577 carmine
1407 1542 1495 1577 dum

252 1615 313 1651 “se
349 1619 495 1651 revocat
531 1619 637 1662 poeta
674 1626 696 1650 a
732 1616 866 1651 misero
904 1627 1049 1660 amore,
1088 1627 1163 1652 non
1191 1619 1315 1652 tamen
1345 1628 1492 1652 omnem

251 1691 375 1738 “spem
390 1691 628 1738 recuperandi
643 1701 706 1737 ea,
733 1701 826 1737 quae
848 1691 1052 1738 perierunt,
1077 1691 1129 1726 ita
1152 1690 1305 1737 abjecit,
1328 1693 1370 1726 ut
1392 1691 1494 1738 abje-

251 1767 365 1801 “cisse
387 1765 502 1800 videri
526 1765 621 1809 vult,
647 1776 715 1800 nec
737 1769 813 1800 tam
839 1765 1022 1800 obstinata
1048 1769 1172 1800 mente
1192 1765 1366 1810 obdurat,
1383 1778 1494 1812 quam

249 1841 317 1877 “de
345 1852 384 1876 se
411 1840 605 1887 praedicat.
631 1839 751 1882 Quare
773 1840 910 1875 multus
934 1843 987 1875 est
1014 1840 1053 1875 in
1078 1840 1320 1876 describenda
1344 1840 1493 1877 relictae

188 1961 191 1963 -
250 1916 294 1951 “a
330 1926 369 1951 se
405 1914 545 1962 puellae
581 1915 676 1950 tristi
713 1914 980 1958 sollicitudine,
1008 1918 1121 1961 atque
1152 1915 1190 1949 in
1221 1915 1293 1950 fine
1321 1916 1494 1951 carminis

251 1991 405 2027 “iterum
434 2002 513 2027 sese
540 1994 581 2026 ut
609 1990 780 2035 obduret,
809 1990 1057 2026 adhortatur&
1088 1991 1134 2026 Et
1161 1991 1283 2028 subito
1307 1991 1345 2027 in
1370 2003 1494 2028 amore

247 2065 378 2101 Catulli
406 2067 529 2101 omnia
558 2069 697 2101 mutata
724 2069 827 2106 sunt:
853 2066 1186 2101 reconciliationem
1211 2067 1307 2102 inter
1330 2071 1495 2103 amantes

246 2142 443 2189 perfectam
481 2153 559 2178 osse
595 2141 780 2186 videmus,
820 2152 915 2188 quae
950 2152 1014 2177 cur
1052 2142 1145 2177 facta
1175 2142 1243 2187 sit,
1272 2143 1494 2189 ignoramus.

246 2217 363 2259 Quam
400 2218 580 2264 imprimis
612 2228 759 2253 carmen
788 2216 865 2252 107
895 2220 1070 2252 testatur:
1103 2216 1165 2252 “Si
1194 2218 1390 2264 quicquam
1435 2230 1496 2253 cu-

245 2293 330 2340 pido
357 2293 570 2340 optantique
585 2292 728 2339 obtigit
755 2293 965 2339 umquam”.
996 2291 1160 2328 Eandem
1190 2296 1352 2329 mentem
1384 2297 1495 2330 testa—

245 2370 306 2403 tur
342 2378 488 2403 carmen
526 2366 623 2403 109:
666 2367 917 2412 “Jucundum‚
956 2378 1039 2403 mea
1075 2368 1168 2412 vita,
1198 2368 1290 2403 mihi
1318 2369 1489 2416 proponis

246 2444 443 2479 amorem''.
473 2442 565 2479 Cum
594 2455 665 2490 quo
694 2446 850 2491 utroque
878 2444 1039 2479 carmine
1068 2455 1215 2480 carmen
1245 2443 1315 2480 36:
1347 2445 1496 2480 “Anna-

246 2519 298 2554 les
324 2518 469 2562 Volusi,
498 2521 621 2553 cacata
646 2518 792 2552 charta’'
822 2517 1116 2563 conjungendum
1148 2522 1222 2563 est,
1247 2519 1285 2553 in
1310 2530 1381 2565 quo
1407 2519 1495 2566 lepi-
