1892 3007
773 269 822 305 97

175 394 248 443 dit,
284 401 451 434 accurate
486 398 689 445 comparavi
719 409 802 433 cum
840 398 904 442 iis,
933 408 1027 444 quae
1055 397 1248 444 scriptores
1276 396 1419 443 antiqui

176 475 221 510 de
261 474 385 511 Clodia
423 474 689 517 Quadrantaria
730 473 980 519 tradiderunt,
1020 485 1088 510 nec
1120 485 1161 510 ea
1199 472 1422 521 perpendere

176 551 304 595 omisi,
344 562 436 599 quae
475 550 606 586 Catulli
636 553 940 585 commentatores
969 553 1005 585 et
1033 550 1095 585 alii
1124 549 1190 584 viri
1216 549 1331 592 docti,
1361 548 1423 595 qui

178 625 439 661 recentioribus
475 625 699 672 temporibus
726 625 771 661 de
799 624 940 661 Catullo
969 625 1211 672 scripserunt,
1239 624 1284 659 de
1314 635 1355 659 ea
1384 634 1424 658 re

170 700 443 747 judicaverunt,
468 701 559 736 mihi
582 712 795 748 persuasum
815 704 889 745 est,
913 712 987 735 non
1002 700 1193 746 probatum
1209 710 1287 734 esse
1302 709 1420 744 neque

177 776 322 824 probari
349 787 453 823 posse
482 775 643 812 Clodiam
674 776 773 812 illam
802 776 955 811 eandem
985 776 1094 810 fuisse
1115 778 1224 821 atque
1247 773 1424 821 puellam,

177 863 287 899 quam
327 851 488 888 Catullus
536 852 692 895 amavit3
738 854 864 887 contra
901 851 1097 887 verisimile
1134 862 1213 886 esse
1249 853 1312 885 aut
1354 849 1425 884 alio

178 928 327 963 nomine
364 939 445 963 eam
475 938 553 963 esse
580 927 819 974 appellatam,
848 930 911 963 aut
940 927 1070 962 saltem
1098 927 1207 962 aliam
1236 926 1425 961 mulierem

177 1015 220 1038 ex
253 1007 361 1050 gente
391 1003 516 1039 Clodia
545 1004 633 1039 falso
662 1004 813 1039 Lesbiae
843 1004 992 1038 nomine
1020 1003 1228 1049 significari.

232 1078 332 1121 Quae
361 1079 525 1127 quaestio
558 1090 631 1114 non
660 1079 794 1114 nullius
822 1080 999 1115 momenti
1029 1090 1108 1114 esse
1136 1078 1288 1113 videtur.
1318 1077 1429 1112 Prae-'

177 1158 345 1202 terquam
369 1155 468 1190 enim
491 1166 617 1190 verum
642 1158 716 1200 est,
731 1155 827 1201 quod
840 1155 1060 1202 praedicavit
1077 1155 1285 1201 Lessingius
1303 1156 1334 1199 ¹,
1351 1165 1428 1189 om-

180 1231 242 1266 nia
268 1234 305 1267 et
327 1231 482 1266 minima
498 1242 643 1278 quoque
658 1231 703 1266 de
717 1232 792 1267 vita
807 1231 991 1278 scriptoris
1007 1232 1167 1278 antiqui,
1192 1241 1301 1277 quem
1316 1229 1427 1265 semel

183 1307 391 1354 iterumque
413 1306 546 1342 lectum
572 1307 723 1354 diligere
743 1307 953 1352 didicimus,
969 1308 1082 1352 scire,
1096 1310 1218 1342 nostra
1234 1307 1427 1349 interesse,

178 1382 271 1418 duae
294 1383 474 1430 imprimis
502 1387 588 1418 sunt
616 1395 784 1428 caussae,
800 1395 864 1418 cur
891 1384 1089 1430 plurimum
1118 1384 1279 1427 intersit,
1304 1385 1427 1417 utrum

184 1459 392 1505 ignoremus
415 1470 461 1494 an
485 1459 669 1505 cognitum
698 1459 917 1503 habeamus,
945 1470 1039 1505 quae
1066 1459 1176 1494 fuerit
1201 1457 1339 1505 puella,
1369 1457 1425 1491 cui

181 1533 344 1569 Catullus
377 1546 416 1569 se
452 1546 517 1581 per
543 1545 714 1581 magnam
744 1538 807 1569 aut
836 1535 955 1581 potius
982 1535 1193 1581 primariam
1221 1534 1317 1569 vitae
1344 1544 1426 1579 par-

181 1613 257 1645 tem
283 1609 426 1644 dicavit.
457 1608 495 1644 Si
524 1609 621 1645 enim
650 1609 756 1656 plane
779 1612 816 1644 et
830 1611 997 1644 accurate
1013 1620 1145 1644 nomen
1159 1638 1167 1654 ,
1184 1621 1321 1656 mores,
1337 1622 1425 1657 gen-

180 1686 280 1730 tiles,
310 1685 446 1720 amicos
474 1685 570 1720 illius
597 1685 760 1721 mulieris
789 1696 1006 1731 cognoscere
1032 1696 1243 1731 possumus,
1271 1687 1426 1721 multum

180 1760 264 1795 inde
299 1760 389 1796 lucri
426 1760 677 1807 interpretatio
719 1760 924 1796 carminum
964 1760 1251 1797 Catullianorum
1290 1762 1425 1809 capiet,

182 1836 308 1871 multis
345 1837 527 1883 personis,
557 1848 708 1883 quorum
741 1837 892 1872 nomina
920 1837 957 1871 in
989 1837 1031 1872 iis
1059 1837 1248 1884 leguntur,
1277 1849 1363 1873 suus
1392 1838 1428 1873 in

181 1912 333 1947 historia
353 1912 448 1948 illius
476 1913 650 1960 temporis
678 1913 778 1949 locus
807 1913 1071 1959 vindicabitur,
1099 1917 1136 1949 et
1163 1925 1238 1958 res,
1266 1914 1313 1949 ad
1341 1926 1430 1961 quas

177 1988 305 2022 alludit
342 1992 446 2034 poeta
484 1989 614 2024 melius
652 1992 688 2024 et
726 1989 929 2024 accuratius
967 1989 1233 2036 intellegentur.
1264 1990 1430 2025 Alterum

176 2063 339 2108 lucrum,
383 2064 478 2111 quod
522 2075 566 2099 ex
604 2075 646 2100 ea
683 2065 813 2100 notitia
852 2065 1102 2112 interpretatio
1145 2066 1258 2101 nostri
1304 2069 1432 2113 poetae

177 2140 314 2174 faceret
349 2140 418 2174 hoc
456 2142 531 2184 est,
571 2140 667 2186 quod
705 2140 903 2175 multorum
933 2141 1137 2176 carminum
1165 2144 1264 2176 aetas
1288 2141 1431 2175 definiri

180 2217 216 2249 et
245 2217 364 2250 certus
394 2214 503 2260 ordo,
533 2216 595 2262 qui
625 2227 724 2251 nunc
752 2216 789 2250 in
818 2215 939 2252 libello
970 2215 1174 2252 Catulliano
1202 2217 1308 2264 plane
1337 2217 1432 2252 desi-

176 2290 326 2326 deratur
352 2291 497 2326 restitui
525 2295 657 2338 posset.
688 2291 840 2327 Accedit
869 2292 966 2339 quod
993 2292 1039 2327 ad
1069 2303 1189 2328 mores
1213 2297 1249 2329 et
1270 2294 1428 2330 indolem

213 2420 218 2438 ¹
247 2417 339 2446 “Man
372 2417 523 2453 gewinne
555 2418 632 2459 aber
668 2419 762 2447 einen
796 2418 884 2447 alten
921 2418 1156 2463 Schriftsteller
1189 2428 1249 2449 nur
1270 2423 1337 2450 erat
1359 2422 1438 2461 fieb,

171 2479 254 2508 “und
275 2479 328 2508 die
352 2479 518 2519 geringste
540 2480 827 2518 Kleinigkeit,die
840 2480 905 2509 ihm
917 2480 1054 2518 betrifft,
1068 2481 1120 2510 die
1134 2482 1240 2518 einige
1251 2483 1441 2522 Beziehung

171 2541 247 2570 “auf
265 2541 330 2570 ihm
353 2541 457 2571 haben
481 2536 681 2578 kannshort
702 2543 760 2572 auf
778 2550 838 2572 uus
851 2541 1064 2580 gleichgiiltig
1077 2552 1117 2573 zu
1137 2544 1236 2574 sein.''
1249 2546 1438 2584 Lessingius

169 2604 201 2633 in
224 2603 293 2634 vita
316 2603 507 2642 Sophoclis,
530 2604 600 2634 init.

1380 2667 1401 2701 7
