1892 3007
831 237 882 273 25

231 364 344 398 vitam
373 363 491 408 degit,
519 363 671 408 Veneri,
704 364 853 408 amicis,
883 365 1101 410 optimisque
1133 363 1272 398 artibus
1296 366 1412 399 totum
1441 374 1480 398 se

232 437 379 474 dedens.
409 437 451 473 In
474 438 613 475 medias
641 449 699 475 res
728 450 768 475 se
797 437 954 486 conjecit
982 438 1132 483 Calvus3
1160 449 1244 486 pars
1272 438 1339 474 fuit
1367 438 1481 474 histo-

228 513 305 547 riae
328 514 383 548 sui
401 515 585 559 temporis.
602 514 697 555 Quin
713 514 844 558 etiam,
858 518 900 549 ut
915 515 1150 550 Weichertus
1164 514 1216 549 ait
1232 518 1242 535 ¹
1255 541 1264 558 ‚
1281 515 1481 549 maximam

227 587 323 624 vitae
349 587 585 625 brevissimae.
607 591 749 637 partem
773 588 811 624 in
836 589 913 625 foro
936 588 1133 636 transegit,
1156 591 1192 624 et
1207 588 1321 624 otium
1336 591 1480 624 tantum

228 664 430 700 scribendis
467 664 689 699 carminibus
723 665 893 699 tribuisse
924 665 1087 709 videtur,
1123 667 1165 699 ut
1201 665 1356 699 fractum
1392 675 1481 710 pug-

230 740 311 776 naci
341 724 377 775 et
402 740 626 776 contentiosa
651 739 837 775 actionum
861 740 1061 775 forensium
1086 739 1251 775 oratione
1275 741 1481 774 resumeret

229 815 366 861 ingenii
395 815 593 860 impetum,
617 796 839 860 'animusque
866 815 1133 850 remissioribus
1157 815 1227 850 illis
1261 816 1390 850 studiis
1423 827 1480 850 re-

231 889 435 925 calesceret.
474 889 516 924 In
542 889 606 933 iis,
645 900 739 935 quae
766 889 811 924 de
839 888 918 935 ejus
945 889 1019 925 vita
1046 889 1190 936 publica
1218 889 1352 925 tradita
1379 892 1479 934 sunt,

229 965 304 999 fere
335 964 426 999 nihil
459 976 532 1000 non
565 964 745 999 laudabile
783 965 911 1011 reperi.
942 964 1098 1000 Assiduo
1126 966 1330 1001 studiorum
1358 965 1481 1000 labore

230 1043 391 1076 mentem
429 1040 599 1076 formavit
628 1040 674 1075 ad
712 1040 910 1076 ineundam
948 1039 1068 1085 illam,
1106 1051 1216 1087 quam
1246 1040 1481 1076 Weichertus

233 1116 321 1151 dicit
350 1116 618 1162 iniquissimam
636 1117 671 1159 ²,
700 1115 801 1150 litem
831 1115 876 1150 de
901 1115 1106 1162 principatu
1141 1115 1369 1161 eloquentiae
1397 1126 1480 1149 cum

230 1190 277 1226 M.
309 1190 426 1225 Tullio
455 1189 648 1234 Cicerone,
678 1190 824 1237 quicum
854 1189 900 1225 ob
928 1192 1118 1237 paternam
1147 1200 1274 1225 necem
1309 1201 1382 1225 non
1411 1190 1480 1225 nisi

230 1265 438 1300 simulatam
476 1265 675 1300 amicitiam
716 1265 920 1300 exercuisse
957 1264 1109 1299 videtur.
1149 1263 1201 1301 Ut
1238 1276 1366 1299 omnes
1402 1276 1481 1299 cor-

229 1341 327 1387 poris
356 1340 483 1376 debilis
510 1340 604 1376 vires
634 1340 765 1376 studiis
795 1339 1007 1387 impendere
1034 1342 1175 1387 posset,
1205 1339 1361 1386 alligatis
1388 1339 1483 1375 lum-

231 1416 361 1452 borum
390 1418 426 1451 et
462 1427 593 1451 renum
621 1415 715 1462 parti
745 1414 891 1450 laminis
917 1414 1115 1461 plumbeis,
1145 1414 1297 1450 Veneris
1324 1416 1481 1462 impetus

233 1492 436 1527 cohibuisse
465 1491 597 1526 dicitur
613 1493 648 1535 ³,
676 1491 746 1525 hac
773 1494 870 1526 certe
898 1491 936 1526 in
965 1503 1004 1526 re
1042 1491 1148 1537 longe
1182 1490 1228 1526 ab
1264 1491 1381 1527 amico
1415 1490 1483 1526 Ca-

231 1566 320 1602 tullo
349 1566 530 1601 differens.
570 1566 764 1611 Attamen,
795 1568 837 1601 ut
865 1565 1030 1613 plerique
1058 1576 1185 1601 omnes
1209 1565 1287 1612 ejus
1307 1566 1481 1612 temporis

230 1642 533 1688 praestantissimi
570 1642 657 1686 viri,
695 1642 892 1677 immaturo
929 1642 1003 1676 fato
1042 1645 1227 1688 correptus
1265 1645 1339 1685 est,
1366 1652 1481 1677 annos

231 1720 339 1753 natus
376 1717 519 1753 circiter
546 1717 716 1764 triginta,
750 1717 929 1763 “fecitque
957 1716 1009 1751 illi
1042 1719 1232 1763 properata
1260 1727 1360 1751 mors
1387 1715 1482 1763 inju-

231 1793 344 1837 riam,
386 1793 417 1828 si
457 1793 545 1839 quid
581 1792 788 1839 adjecturus
825 1792 914 1837 sibi,
948 1804 1022 1828 non
1059 1793 1089 1827 si
1128 1792 1216 1839 quid
1254 1792 1481 1828 detracturus

234 1868 323 1903 fuit”
341 1870 367 1903 ⁴.
402 1867 443 1903 In
466 1868 543 1903 foro
574 1879 718 1915 semper
744 1867 857 1903 libere
881 1867 993 1912 dixit,
1017 1868 1105 1915 quid
1133 1867 1302 1912 sentiret,
1331 1867 1483 1902 scelera-

231 1946 384 1990 tumque
412 1944 600 1978 Vatinium
616 1946 651 1987 ⁵,
685 1943 772 1978 olim
800 1954 822 1978 a
854 1942 1029 1978 Cicerone
1062 1954 1225 1990 quoque,
1263 1954 1375 1989 quum
1403 1954 1483 1977 sur-

233 2021 335 2065 geret
371 2019 474 2055 testis
510 2019 549 2054 in
587 2030 714 2055 caussa
752 2017 934 2064 Sestiana,
972 2017 1136 2054 omnium
1172 2017 1350 2054 bonorum
1398 2029 1483 2054 con-

277 2184 285 2202 ·
310 2181 348 2210 P.
373 2181 440 2210 129.

269 2243 280 2262 2
310 2242 347 2270 P.
370 2243 438 2271 106.

277 2298 290 2317 ³
311 2296 395 2326 1³1in.
419 2297 458 2326 H.
481 2297 521 2326 N.
545 2296 709 2334 xxx1v,
732 2297 781 2326 50.

278 2361 292 2379 ⁴
313 2359 438 2395 Quintt.
462 2359 544 2388 Inst.
568 2359 623 2389 Or.
644 2360 691 2392 X.
719 2362 752 2396 1,
773 2360 792 2395 ξ
813 2360 882 2389 115.

281 2423 294 2442 ⁶
314 2421 366 2451 De
395 2421 457 2451 hoc
486 2421 617 2451 Vatinio
648 2421 762 2452 Cicero
789 2421 836 2451 ita
864 2422 962 2451 dixit:
985 2421 1050 2451 “sic
1071 2430 1132 2459 ego
1154 2423 1204 2457 te,
1226 2430 1417 2460 quamquam
1440 2422 1484 2452 sis

239 2484 343 2514 “omni
371 2484 503 2515 diritate
531 2487 629 2522 atque
651 2485 851 2515 immanitate
872 2485 1073 2523 teterrimus,
1094 2487 1201 2515 tamen
1223 2486 1294 2515 dico
1317 2493 1389 2516 esse
1410 2486 1483 2515 odio

240 2547 386 2576 “civitati
409 2555 472 2576 non
495 2548 560 2576 tam
583 2548 639 2576 tuo
650 2569 657 2583 ‚
670 2554 763 2584 quam
784 2547 978 2582 reipublicae
996 2547 1156 2576 nomine.⁷'
1168 2548 1200 2576 in
1214 2548 1287 2577 Vat.
1299 2556 1325 2576 c.
1338 2549 1356 2576 3
1368 2549 1400 2577 in
1412 2548 1484 2576 fine.
