1892 3007
993 221 1041 257 74

396 349 539 383 numeri
568 352 770 395 temporum
799 350 836 383 in
865 349 986 394 aliquo
1011 348 1100 394 pede
1128 348 1304 383 mutandi.
1333 347 1371 383 Si
1397 361 1457 395 pes
1482 350 1549 384 tria
1573 354 1635 385 aut

397 424 554 468 quatuor
580 422 711 457 habeat
739 425 901 468 tempora
930 423 967 456 in
995 433 1068 457 uno
1099 433 1224 466 versu,
1253 433 1399 457 necesse
1427 426 1481 457 est
1504 423 1636 458 habeat

397 497 466 531 tria
504 499 567 531 aut
585 489 749 543 ‘quatuor
775 507 839 543 per
867 508 993 532 omnes
1021 498 1197 543 poematis
1226 509 1350 532 versus
1368 498 1391 534 ¹.
1422 497 1629 533 Absurdum

397 573 452 606 est
489 572 648 617 cogitare
684 572 728 607 de
766 572 909 607 licentia
949 572 1105 618 poetica,
1142 583 1213 619 qua
1243 572 1392 619 fingitur
1420 575 1524 619 poeta
1553 573 1628 619 ipse

397 658 487 693 quas
510 647 579 682 sibi
601 648 762 693 posuerit
786 647 882 693 leges
907 651 1140 683 contemnere
1164 652 1200 683 et
1222 648 1326 683 nihili
1342 648 1484 683 habere.
1501 647 1635 684 Versus

397 724 512 756 certas
539 721 675 756 habent
702 723 818 767 leges,
849 733 938 768 quas
959 700 1036 757 >nisi
1065 734 1208 769 semper
1232 726 1267 757 et
1291 723 1427 769 ubique
1450 723 1635 757 observas-

395 799 477 831 sent
517 798 663 843 poetae,
706 807 765 831 ars
808 797 959 832 metrica
998 797 1238 841 evidentiam,
1277 809 1387 844 quam
1411 798 1536 833 dicunt
1561 808 1638 832 ma-

396 871 650 915 thematicam,
694 882 765 906 non
813 871 963 907 haberet
1011 875 1047 907 et
1084 872 1128 906 de
1167 883 1209 907 ea
1248 872 1338 907 nihil
1372 873 1483 916 scire,
1522 883 1635 918 pauca

395 945 560 980 divinare
583 945 718 981 liceret.
745 945 820 980 Lex
845 949 967 981 autem
992 950 1046 981 est
1070 947 1271 981 certissima
1294 946 1439 992 longam
1464 945 1638 993 syllabam

392 1021 463 1056 duo
490 1021 624 1056 habere
652 1025 833 1068 tempora,
862 1022 1009 1057 brevem
1038 1025 1163 1057 contra
1197 1025 1339 1068 tempus
1364 1033 1488 1057 unum.
1507 1022 1630 1068 Longa

396 1095 532 1142 syllaba
560 1095 606 1130 ob
635 1107 714 1130 eam
743 1096 859 1142 ipsam
888 1107 1052 1131 caussam
1077 1098 1113 1131 in
1139 1097 1228 1131 duas
1251 1097 1378 1131 breves
1404 1097 1514 1140 solvi,
1544 1097 1636 1131 duae

395 1170 522 1206 breves
536 1171 574 1206 in
590 1182 701 1206 unam
725 1171 870 1217 longam
896 1172 1061 1207 contrahi
1085 1174 1244 1218 possunt.
1272 1170 1501 1218 Spondaeum
1521 1171 1631 1217 igitur

396 1245 533 1280 solvere
569 1245 654 1280 licet
689 1246 727 1280 in
756 1248 1014 1292 anapaestum,
1056 1246 1092 1280 in
1136 1245 1337 1291 dactylum,
1376 1246 1412 1280 in
1441 1246 1641 1291 proceleus-

396 1320 590 1364 maticum,
628 1331 828 1366 numquam
865 1321 902 1355 in
940 1320 1171 1367 tribrachyn,
1209 1324 1249 1355 ut
1288 1321 1373 1356 facit
1410 1320 1560 1367 Vulpius
1600 1320 1637 1355 in

396 1395 481 1430 sede
517 1395 644 1442 prima.
685 1394 745 1430 Sic
771 1395 808 1430 in
834 1395 917 1430 sede
946 1395 1103 1430 secunda
1133 1395 1282 1442 Vulpius
1310 1395 1417 1430 simul
1446 1398 1635 1430 enumerat

397 1471 560 1506 iambum
582 1474 618 1506 et
640 1470 869 1517 tribrachyn,
894 1481 987 1516 quae
1010 1471 1356 1517 tria,-anapaestum
1380 1473 1416 1505 et
1432 1471 1635 1517 dactylum,

396 1557 489 1593 quae
518 1549 673 1593 quatuor
700 1545 835 1581 habent
863 1549 1035 1592 tempora.
1066 1545 1168 1588 Quod
1198 1546 1274 1581 fieri
1314 1557 1387 1581 non
1416 1548 1541 1593 potest.
1582 1545 1641 1581 Sic

396 1622 433 1656 in
463 1622 548 1657 sede
578 1621 685 1657 tertia
714 1621 896 1665 iambum,
927 1621 989 1667 qui
1017 1622 1107 1665 tria,
1136 1621 1357 1668 spondaeum
1396 1622 1456 1667 qui
1486 1624 1640 1667 quatuor

396 1697 505 1732 habet
534 1700 698 1743 tempora
726 1696 834 1731 simul
864 1699 1122 1731 conmemorat.
1159 1696 1261 1738 Quod
1289 1697 1420 1731 iterum
1460 1697 1536 1731 fieri
1567 1708 1637 1731 non

396 1775 523 1818 potest.
550 1770 609 1806 Sic
634 1771 670 1805 in
695 1772 823 1817 quinta
848 1772 932 1806 sede
958 1783 1039 1806 cum
1065 1772 1216 1815 cretico,
1241 1775 1446 1817 temporum
1462 1772 1640 1819 quinque,

401 1846 624 1893 spondaeum
650 1848 686 1881 et
710 1845 892 1892 dactylum
918 1846 1134 1881 commutari
1159 1857 1180 1881 a
1205 1845 1344 1881 Catullo
1366 1845 1548 1892 perhibet,
1579 1845 1640 1891 qui

400 1921 615 1967 posteriores
653 1924 776 1955 tamen
814 1924 970 1966 quatuor
1004 1924 1146 1955 tanturn
1176 1921 1312 1955 habent
1339 1923 1512 1966 tempora.
1540 1920 1641 1961 Quod

397 1996 474 2031 fieri
512 2006 583 2029 non
620 1998 747 2041 potest.
789 1995 915 2041 Neque
944 1998 1068 2030 sextus
1095 2007 1158 2041 pes
1189 1998 1285 2030 recte
1309 2007 1387 2030 sese
1422 1994 1540 2030 habet.
1572 1995 1641 2029 Pro

434 2154 439 2171 ¹
465 2150 581 2186 Excipi
604 2157 698 2185 posse
721 2151 866 2179 ultimam
889 2150 990 2179 totius
1015 2157 1126 2179 versus
1147 2149 1319 2186 syllabam,
1339 2157 1464 2185 semper
1482 2151 1514 2179 et
1533 2149 1650 2187 ubique

388 2212 560 2248 ancipitem
592 2220 649 2247 per
670 2219 705 2241 se
728 2213 827 2247 patet.
852 2212 936 2241 Huic
959 2211 1044 2240 omni
1066 2211 1303 2240 ratiocinationi
1324 2219 1386 2240 non
1409 2212 1537 2240 obstare
1562 2212 1649 2240 vide-

390 2276 459 2312 tur,
487 2273 572 2311 quod
597 2274 629 2303 in
652 2273 816 2303 nonnullis
840 2273 985 2302 versibus
1008 2273 1122 2310 pedes,
1144 2273 1266 2302 varium
1286 2274 1465 2308 temporum
1486 2281 1650 2302 numerum

388 2335 545 2365 habentes
574 2335 687 2365 eodem
717 2335 788 2364 loco
817 2336 985 2372 leguntur,
1016 2342 1043 2364 e.
1066 2343 1096 2371 g.
1127 2336 1158 2363 in
1182 2343 1278 2364 versu
1299 2335 1433 2364 iambico
1456 2335 1651 2370 spondaeum

390 2406 461 2427 cum
491 2397 704 2427 solutionibus
734 2399 766 2426 et
791 2397 938 2426 iambum.
969 2397 1059 2427 Certi
1083 2397 1167 2426 enim
1190 2398 1264 2426 sunt
1286 2397 1400 2433 pedes,
1429 2397 1544 2433 quibus
1573 2396 1651 2426 haec

389 2460 522 2490 libertas
540 2460 729 2489 conceditur
750 2467 808 2489 nec
831 2460 863 2488 in
886 2460 1032 2488 omnibus
1054 2467 1111 2495 pro
1134 2458 1234 2488 libero
1254 2467 1311 2488 suo
1333 2459 1464 2488 arbitrio
1487 2467 1651 2488 numerum

389 2524 572 2559 temporum
594 2523 709 2558 poetae
731 2523 787 2551 aut
809 2523 929 2558 augent
950 2523 1006 2550 aut
1030 2521 1221 2550 diminuunt.
